2036 3125
286 1674 379 1722 Spec.
407 1679 441 1709 5.

909 348 1208 391 -266-

582 469 720 505 Observ.
752 464 780 499 E
805 462 984 513 specierum
1010 469 1160 497 notarum
1187 473 1322 496 numero
1342 458 1537 507 Subgeneris
1556 460 1834 497 Heterocentroms

482 539 622 577 Sectioni
655 538 687 574 A
718 534 860 572 addendi
896 533 1034 570 Echinus
1062 533 1256 580 lrz'gonarius
1283 528 1399 566 Lamk.
1427 536 1457 565 et
1480 529 1621 567 Echinus
1645 532 1832 568 mamillatus

485 611 583 648 Lina.

691 711 870 759 Subgenm.
895 709 1156 745 CorossocEN
1167 714 1307 741 Tnoru
1317 716 1345 743 s.
1372 705 1437 742 ΒΓ.

583 803 699 841 Aculei
737 803 902 851 regionem
933 799 1058 836 analem
1092 807 1123 834 et
1149 797 1292 846 corporis
1316 795 1414 832 latera
1439 795 1624 844 obtegentes
1649 795 1836 839 abbreviati,

486 890 598 914 omnes
624 874 828 924 longitudine
853 870 1016 922 aequales,
1042 868 1112 905 basi
1130 867 1304 911 attenuati,
1330 867 1474 918 apicibus
1494 865 1676 909 incrassati,
1702 865 1837 911 dilatati,

489 948 647 991 truncati,
675 945 833 995 angulati,
861 941 1092 994 approximati,
1118 939 1265 976 conferti.
1301 938 1460 988 Marginis
1485 936 1623 973 lateralis
1643 935 1745 972 aculei
1765 949 1840 985 pro—

488 1020 661 1061 minentes,
689 1016 821 1064 oblongi
847 1014 896 1051 vel
921 1012 1114 1063 spathulati‚
1140 1011 1247 1061 plani,
1272 1009 1413 1060 reliquos
1432 1006 1636 1057 longitudine
1655 1006 1721 1042 fere
1740 1004 1839 1055 dupla

489 1098 694 1141 superantes,
723 1101 833 1123 versus
860 1099 895 1120 os
920 1082 1047 1124 directi,
1075 1095 1174 1130 quare
1200 1079 1368 1116 tubercula
1393 1079 1545 1128 spinifera
1572 1077 1711 1126 margini
1730 1090 1841 1126 corpo-

490 1161 534 1197 ris
571 1158 692 1195 laterali
729 1156 883 1205 imposita
907 1153 1040 1202 reliquis
1067 1154 1199 1202 majora.
1248 1152 1353 1188 Areae
1378 1148 1608 1187 ambulacrales
1639 1149 1675 1185 in
1700 1147 1842 1198 corporis

491 1242 580 1284 parte
606 1246 641 1267 os
668 1229 852 1265 continente
882 1240 939 1262 seu
964 1225 1044 1261 facie
1069 1224 1148 1260 orali
1174 1223 1326 1259 dilatatae
1358 1233 1391 1260 et
1421 1224 1682 1260 ambulacrorum
1712 1221 1842 1271 parium

489 1304 634 1342 seriebus
659 1308 681 1338 4
698 1323 743 1330 ——
759 1308 779 1337 8
805 1299 966 1342 obsessae,
1005 1310 1161 1346 quarum,
1207 1309 1289 1344 quae
1315 1295 1378 1330 sibi
1409 1295 1544 1332 invicem
1574 1293 1843 1344 correspondent,

490 1375 587 1411 lineis
613 1371 770 1421 obliquis,
801 1367 1042 1418 subparalleliS,
1073 1365 1259 1402 transversis
1291 1364 1445 1402 insident.
1497 1364 1649 1413 Corporis
1688 1363 1842 1411 marginis

492 1445 630 1482 lateralis
673 1442 936 1480 ambulacrorum
978 1439 1106 1474 ordines
1145 1435 1349 1479 uniscriales,
1392 1434 1531 1471 laterum
1573 1443 1680 1470 autem
1712 1433 1843 1469 biseria-

492 1514 558 1558 les,
594 1513 738 1551 seriebus
771 1509 926 1558 singulis,
964 1510 1091 1544 interna
1115 1506 1336 1557 potissimum,
1373 1505 1522 1542 flexuosis
1554 1504 1737 1554 lineamque
1768 1503 1846 1539 den—

493 1595 594 1622 tatam
620 1583 866 1621 exhibentibus.

491 1670 689 1707 ECHINUS
719 1665 1037 1715 (Colobocentrotus).
1064 1663 1232 1699 Mertensii
1253 1661 1317 1697 Br.

598 1738 816 1788 Proponimus
841 1737 963 1772 hancce
989 1734 1145 1785 speciem,
1183 1733 1273 1782 cujus
1298 1731 1470 1781 spicimina
1494 1731 1635 1780 periere,
1664 1729 1846 1766 secundum
1870 1732 1872 1734 ’

498 1809 664 1847 Mertensii
689 1808 937 1858 descriptionem
963 1815 994 1842 et
1019 1805 1126 1841 icones
1151 1804 1246 1848 (luas,
1273 1817 1412 1852 quarum
1437 1815 1537 1837 unam
1556 1800 1748 1843 Postelsius,
1773 1799 1848 1835 alte-

499 1896 569 1918 ram
593 1880 788 1917 Mertensius
813 1878 902 1921 fecit,
928 1877 1065 1913 invicem
1090 1874 1153 1912 sibi
1178 1873 1367 1911 simillimas.

606 1959 731 1997 Echino
753 1959 1039 2008 (Colobocenlrolo)
1068 1956 1179 1993 Lcsln'i
1201 1956 1285 1993 Nob.
1312 1954 1426 1991 habitu
1451 1953 1584 2003 quidem
1608 1954 1673 1989 sere
1697 1951 1848 2002 aequalis,

500 2033 648 2069 diversus
673 2042 800 2069 autem:
828 2033 971 2080 Corpore
996 2030 1098 2078 magis
1114 2029 1264 2078 depresso
1284 2036 1314 2063 et
1332 2026 1458 2069 latiore,
1483 2024 1584 2076 spinis
1603 2024 1759 2061 truncatis
1778 2037 1847 2072 cor-

502 2104 590 2154 poris
634 2103 747 2146 latera,
787 2112 818 2139 et
861 2101 1048 2151 praesertim
1086 2101 1140 2136 ani
1178 2099 1343 2147 regionem
1385 2095 1616 2145 occupantibus
1658 2093 1850 2136 minoribus,

503 2173 746 2222 angustioribus
794 2183 826 2209 et
869 2172 1163 2222 frequentioribus,
1218 2169 1321 2219 spinis
1366 2167 1596 2217 marginalibus
1640 2167 1709 2204 basi
1747 2165 1851 2202 multo

506 2244 745 2293 angustioribus
774 2253 805 2280 ct
834 2243 935 2291 magis
967 2241 1179 2292 spathulatis‚
1216 2240 1297 2276 areis
1327 2239 1412 2276 inter
1435 2237 1696 2274 ambulacrorum
1722 2237 1849 2273 ordines

506 2315 744 2365 approximatos
782 2315 887 2351 obviis
910 2314 1096 2358 latioribus,
1135 2311 1318 2348 distinctius
1350 2325 1368 2346 a
1398 2309 1529 2358 reliquis
1555 2308 1634 2345 areis
1660 2308 1848 2356 disjunctis,

507 2401 565 2423 nec
591 2401 656 2423 non
682 2386 787 2422 colore
813 2400 829 2422 e
854 2385 955 2434 griseo
981 2386 1170 2433 nigricante.

612 2457 718 2494 Patria
743 2455 867 2493 Insulae
887 2456 1158 2492 Boninsimenses.
