2036 3125
791 325 847 333 —
903 301 981 343 235
1037 326 1092 333 ——

367 414 408 449 ab
441 413 534 448 initio
567 411 756 459 subgeneris
789 412 959 461 peculiaris
991 421 1110 462 typum
1140 420 1312 450 statuerem
1346 424 1376 451 et
1399 415 1718 458 Esclisclioltzianum

368 484 499 527 animal,
526 483 694 520 tentaculis
710 483 812 518 sorma
835 483 1025 532 aequalibus
1040 492 1071 519 et
1091 484 1191 533 partis
1212 485 1433 534 cartilagineae
1452 489 1625 537 superioris
1645 506 1718 541 par-

365 558 470 594 ticulis
486 556 632 593 distichis
646 557 853 599 instructum,
875 557 1007 593 nomine
1021 558 1208 605 Agalmalt's
1227 572 1322 596 sensu
1342 560 1511 606 strictiore,
1530 563 1719 602 Mertensia-

365 643 446 666 num
471 642 566 672 vero,
599 627 698 677 partis
718 627 942 676 cartilagineae
966 629 1141 678 superioris
1160 630 1336 679 particulas
1361 632 1581 681 pluriseriatas
1601 644 1632 671 et
1650 645 1718 673 ten-

364 699 466 737 tacula
483 698 633 748 ‘duplicis
656 699 778 735 formae
804 698 959 743 offerens,
986 700 1116 736 nomine
1136 701 1437 750 Chryslallophanes
1450 703 1718 753 distinguendum

363 786 429 808 esse
450 780 610 823 putarem.
630 770 741 806 Serius
760 778 869 807 autem
888 771 1108 808 fundamentis
1129 785 1195 808 non
1214 772 1290 810 satis
1315 774 1410 811 certis
1429 775 1513 811 hanc
1527 778 1719 815 sententiam

363 842 462 878 inniti
477 841 583 878 visum
597 840 678 877 mihi
694 850 752 877 est.
784 842 978 890 Fragmenta
992 841 1078 878 enim
1095 842 1243 879 animalis
1258 857 1275 878 a
1293 843 1463 888 Sievaldio,
1484 845 1718 884 Eschscholtzii

362 913 492 955 comite,
508 913 625 949 Museo
643 912 841 949 Academico
862 912 947 956 data,
967 927 1048 962 quae
1056 914 1239 961 Agalmaiis
1251 911 1369 951 Okenii
1385 929 1451 952 esse
1464 926 1624 966 putarem,
1645 933 1719 956 cum

363 982 553 1031 fragmentis
573 981 752 1029 Agalmatis
767 996 785 1017 a
799 982 976 1018 Mertensio
994 983 1111 1026 relatis,
1132 997 1213 1033 quae
1233 985 1455 1021 verosimiliter
1469 987 1508 1022 ad
1524 989 1663 1037 speciem
1677 991 1718 1026 ab

362 1053 434 1102 ipso
454 1053 654 1094 observatam
680 1051 856 1101 pertinent,
877 1061 1096 1101 comparatae,
1117 1061 1241 1089 tantam
1261 1053 1345 1091 inter
1363 1069 1396 1091 se
1416 1056 1605 1095 obtulerunt
1629 1061 1716 1097 simi-

359 1125 530 1161 litudinem
543 1153 550 1166 7
584 1132 621 1159 ut
645 1123 725 1159 adeo
749 1122 872 1159 animal
892 1123 933 1159 ab
953 1123 1198 1161 Eschscholtzio
1219 1134 1250 1161 et
1269 1126 1447 1162 Mertensio
1466 1126 1636 1165 inventum
1658 1144 1717 1179 pro

360 1211 425 1234 una
454 1198 632 1245 eademqne
662 1196 766 1246 specie
801 1205 984 1245 putassem,
1029 1196 1091 1232 nisi
1124 1197 1362 1235 observationes
1381 1209 1412 1236 et
1430 1199 1548 1249 figuras
1568 1201 1608 1237 ab
1631 1202 1716 1239 hisce

362 1281 498 1308 naturae
528 1270 764 1306 scrutatoribus
790 1270 831 1306 ad
857 1270 928 1306 viva
949 1269 1101 1306 animalia
1121 1272 1219 1308 saetas
1239 1273 1464 1321 praeferendas
1484 1288 1548 1310 esse
1568 1285 1716 1325 putarem

361 1340 646 1390 disquisitionibus
665 1339 700 1375 in
727 1340 916 1388 fragmentis
935 1341 1108 1383 institutis⁷
1132 1356 1214 1391 quae
1241 1343 1275 1378 in
1301 1342 1427 1392 liquore
1452 1355 1619 1382 servantur
1637 1362 1717 1397 quo·

363 1426 500 1461 rumque
534 1419 640 1460 partes
673 1409 895 1458 cartilagineae
927 1410 992 1446 sere
1011 1425 1122 1447 omnes
1142 1425 1160 1447 a
1181 1412 1307 1462 reliquo
1326 1427 1458 1463 corpore
1478 1415 1650 1453 dissolutae
1669 1418 1717 1454 in-

360 1484 546 1521 veniuntur.

461 1556 595 1591 Obscrv.
616 1561 651 1590 2.
691 1553 938 1602 Agalmidarum
970 1554 1059 1603 gregi
1080 1554 1322 1592 adnumeranda
1344 1571 1489 1607 quoque,
1521 1569 1558 1595 ut
1577 1560 1714 1603 videtur,

359 1627 471 1663 Genus
486 1625 702 1671 Ihppopodius
723 1625 847 1675 Quoyii
866 1634 896 1661 et
916 1624 1096 1669 Gaimardi‚
1118 1639 1176 1662 nec
1195 1640 1261 1662 non
1281 1626 1394 1663 Genus
1408 1627 1628 1674 Stephanomm
1642 1632 1714 1669 Per.

358 1700 468 1737 adhuc
489 1713 605 1748 parum
627 1699 685 1734 rite
706 1697 873 1747 depictum
893 1707 923 1735 et
942 1699 1157 1748 descriptum,
1179 1713 1280 1749 quare
1294 1699 1410 1746 etiarn,
1430 1703 1576 1751 quamvis
1597 1718 1714 1742 nomen

354 1770 590 1822 Stephanomia
610 1769 644 1806 in
663 1769 848 1806 universum
868 1769 970 1818 magis
991 1779 1106 1806 notum
1124 1770 1182 1814 sit,
1208 1769 1425 1808 subfamili‘am
1445 1773 1636 1821 Agalmidae
1655 1790 1714 1826 po-

358 1845 439 1888 tius,
457 1857 557 1894 quam
576 1841 852 1892 Stephanomidae
871 1841 1115 1893 appellavimus.

582 1923 770 1973 Subfizmilia
796 1923 1179 1960 ANTROPanlDAE
1199 1922 1262 1961 ΒΓ.

462 2006 576 2042 Vesica
597 2004 795 2055 corpusculis
818 2004 1114 2053 subcartilagineis,
1141 2005 1306 2054 oblongis,
1338 2006 1551 2051 vertit-illatis,
1571 2008 1711 2045 canalem

356 2077 638 2129 reproduetorium
657 2076 875 2112 ambientibus
893 2075 1043 2113 suffulta.
1095 2076 1272 2112 Tentacula
1292 2090 1433 2121 ramosa,
1460 2077 1591 2113 ramulis
1610 2076 1711 2113 clava—

359 2149 409 2190 tis,
429 2147 644 2199 biapiculatis.

512 2220 625 2256 Genus
645 2219 819 2268 Allmrybt‘a
838 2219 996 2256 Eschsch.
1017 2226 1048 2255 et
1067 2220 1271 2269 Anthophysa
1291 2220 1391 2256 Mert.

567 2300 674 2338 Genus
700 2301 1007 2338 Ais'rnoranA
1035 2301 1205 2338 Mertensz'i
1223 2299 1310 2338 Mss.

457 2373 572 2410 Vesica
604 2373 743 2422 oblonga
776 2373 974 2423 corpusculis
993 2372 1289 2422 subcartilagineis‚
1321 2371 1484 2421 oblongis,
1517 2371 1710 2408 verticillatis

360 2444 471 2481 cincta.
525 2444 704 2482 Tentacula
723 2459 865 2489 ramosa,
887 2444 1020 2481 ramulis
1039 2443 1169 2481 clavatis
1188 2442 1404 2494 biapiculatis.

1431 2513 1502 2555 32*
