2036 3125
826 297 1121 337 -251—

678 404 820 454 Subgen.
861 406 986 443 GYMN
997 416 1078 442 oen
1088 415 1128 440 IR
1139 414 1232 441 orA.

485 478 661 515 Tentacula
689 477 883 514 evolucrata.

177 539 271 589 Spec.
297 546 330 576 2.
382 539 405 576 S
413 549 451 575 TI
459 550 479 575 c
486 551 509 574 Η
518 549 539 574 0
546 549 566 573 Ρ
573 549 593 572 U
603 549 618 573 s
650 537 933 584 (Gymnocln'rolu)
963 539 1161 572 cz'tzemscens
1188 537 1251 572 ΒΓ.

494 611 792 645 ΙΙοιοΤΗυΒῙΛ
818 623 850 644 n.
881 616 934 644 19.
962 609 1043 644 Mss.
1067 609 1245 645 Merlensii.

491 682 617 730 Corpus
656 680 753 716 dorso
790 693 984 723 convexum,
1025 679 1109 715 infra
1141 679 1292 728 planum,
1323 680 1505 729 ¹spithamae
1538 680 1742 730 longitudine

388 753 435 788 vel
466 752 548 788 infra
581 761 612 787 et
645 751 748 794 ultra,
790 749 916 800 pollicis
951 750 1076 786 circiter
1108 749 1262 786 crassitie.
1326 751 1409 786 Tota
1437 751 1651 796 cinerascens,
1689 754 1748 790 sed

385 823 478 871 nigro
515 823 713 858 suhirrorata
752 830 784 857 et
820 821 916 856 dorso
945 820 1078 856 maculis
1107 820 1273 856 nonnullis
1306 821 1504 869 majoribus,
1545 823 1745 868 transversis,

386 895 623 943 nigricantibus
651 895 759 930 tincta.
806 893 949 928 Dorsum
976 893 1159 929 eminentiis
1187 893 1385 937 mamithus,
1412 895 1545 943 sparsis,
1572 896 1748 945 frequenti-

387 966 466 1008 bus,
492 966 720 1013 magnitudine
747 964 988 1012 inaequalibus,
1016 979 1032 1000 e
1058 965 1179 1013 quibus
1206 966 1304 1013 pedes
1331 965 1542 1008 exoriuntur,
1568 967 1747 1004 obsessum.

336 1079 342 1084 „
383 1036 508 1072 Pedum
537 1036 570 1070 in
596 1035 709 1084 quovis
735 1034 847 1069 ordine
874 1034 1053 1069 admodum
1074 1048 1324 1069 numerosorum
1346 1043 1377 1070 et
1397 1035 1638 1072 tentaculorum
1659 1037 1746 1074 color

387 1106 698 1142 albo-cinerascens.

500 1177 588 1212 Inter
614 1176 737 1226 lapides
763 1175 796 1211 in
823 1174 936 1210 insulis
963 1174 1282 1212 Boninsimensibus.

176 1250 269 1300 Spec.
296 1255 332 1287 3.
381 1249 627 1285 STICHOPUS
654 1248 937 1296 (Gymnocln‘rolu)
964 1248 1221 1296 leztcospilola*).
1243 1246 1303 1285 Br.

476 1322 771 1355 HOLOTntssRIA
797 1335 827 1355 η.
852 1326 908 1355 10.
936 1319 1014 1355 Mss.
1037 1316 1217 1354 Mertensii.

486 1390 613 1438 Corpus
638 1389 730 1425 valde
754 1389 958 1437 elongatum,
985 1389 1222 1438 cylindricum,
1248 1390 1430 1440 spithamae
1457 1391 1581 1428 circiter
1606 1392 1750 1442 longitu-

388 1461 463 1497 dine
492 1461 541 1497 vel
569 1461 689 1503 minus,
715 1461 747 1508 ξ’
774 1461 901 1496 circiter
927 1460 1111 1497 latitudine.
1164 1462 1288 1498 Venter
1313 1462 1365 1498 vix
1393 1462 1627 1512 planiusculus.
1664 1466 1750 1503 Dor-

387 1546 462 1568 sum
490 1532 617 1567 fuscum
645 1530 693 1566 vel
721 1531 926 1574 brunneum,
968 1531 1100 1581 punctis
1127 1532 1244 1580 nigriS,
1284 1534 1401 1582 sparsis
1433 1544 1465 1570 et
1503 1537 1643 1572 verrucis
1682 1551 1751 1573 ma-

388 1603 549 1652 millisque
577 1602 739 1651 pediferis,
767 1602 883 1638 albidis
911 1611 1043 1639 tectum.
1082 1603 1184 1639 Pedes
1210 1603 1314 1653 spurii
1333 1619 1389 1640 seu
1410 1605 1550 1642 dorsales
1571 1621 1587 1642 e
1607 1607 1749 1643 verrucis

387 1673 436 1709 vel
464 1673 613 1709 mamillis
640 1674 854 1723 prodeuntes,
888 1673 967 1722 ipsis
993 1683 1101 1709 autem
1128 1674 1279 1709 mamillis
1305 1674 1520 1712 obscuriores.
1572 1676 1749 1714 Abdomen

386 1743 517 1779 sordide
543 1743 722 1787 albescens,
755 1743 907 1779 lateribus
933 1745 1084 1780 brunueo
1110 1744 1428 1788 submarmoratum,
1468 1746 1501 1781 in
1529 1747 1637 1783 medio
1662 1748 1749 1784 striis

388 1814 492 1850 tribus
526 1816 638 1857 fuscis,
674 1814 985 1863 longitudiualibus,
1030 1814 1207 1864 parallelis,
1248 1830 1363 1865 parum
1398 1816 1558 1852 distinctis
1585 1826 1744 1855 notatum.

388 1885 489 1921 Pedes
529 1885 564 1920 in
593 1884 730 1933 singulis
756 1895 897 1934 quatuor
922 1886 1094 1921 ordinibus
1119 1886 1309 1930 subseriati‚
1347 1888 1518 1937 perpauci,
1557 1887 1744 1925 alternatim

387 1955 495 2005 positi.
548 1956 727 1992 Tentacula
746 1956 933 1993 albicantia.

487 2028 523 2063 In
549 2027 677 2076 lagunis
702 2027 824 2064 insulae
851 2029 968 2066 Ualan.

598 2118 630 2147 9.
661 2109 779 2147 Genus.
809 2111 1231 2162 DIPLOPERtDEP-IS*)
1261 2112 1324 2149 Br.

486 2180 588 2217 Pedes
620 2181 654 2217 in
679 2182 838 2218 anteriore
865 2192 895 2219 et
921 2184 1026 2219 media
1051 2184 1237 2220 abdominis
1263 2193 1355 2233 parte
1382 2184 1416 2220 in
1442 2185 1572 2221 ordines
1598 2184 1742 2234 quinque

390 2249 534 2300 dispositi
561 2261 591 2288 et
617 2252 651 2288 in
676 2253 812 2302 singulis
832 2255 1004 2291 ordinibus
1026 2255 1183 2299 biseriati,
1209 2256 1252 2292 ita
1273 2265 1381 2292 tamen
1401 2265 1438 2292 ut
1459 2256 1629 2305 utriusque
1648 2255 1740 2292 seriei

312 2377 344 2413 ⁴²)
368 2390 384 2406 α
408 2381 504 2413 λευκος
525 2384 626 2422 (albus)
646 2391 671 2413 et
693 2385 828 2415 σπιλωτος
848 2387 1001 2414 maculatus-

292 2437 341 2473 διὰ)
365 2435 468 2463 Nomen
487 2437 630 2466 derivatum
650 2447 668 2464 α
692 2437 788 2469 ὄιπλος
809 2439 930 2477 (duplex)
951 2445 975 2467 et
995 2438 1130 2476 περιδερις
1152 2441 1254 2469 collare.

1470 2502 1544 2557 34*
