2036 3125
907 324 1209 375 —2505-

479 438 674 482 minoribus,
701 435 834 478 conicis‚
860 434 910 471 vel
938 434 1113 484 majoribus
1140 435 1325 471 mamillatis
1352 437 1425 486 plus
1452 439 1595 476 minusve
1615 439 1751 477 evolutis
1767 441 1835 492 ple-

479 524 618 558 rumque
638 516 851 555 emergentem,
878 506 967 554 apice
995 505 1084 542 haud
1115 505 1238 542 dilatati
1263 506 1376 556 (pedes
1404 508 1542 545 dorsales
1568 525 1623 546 seu
1650 512 1832 562 spurii),—

481 578 716 630 Respirationis
742 591 860 626 organa
886 577 1138 620 arborescentia,
1166 577 1304 614 evoluta.
1356 579 1468 615 Ovarii
1494 580 1576 615 rami
1602 582 1707 619 divisi.

587 661 724 697 Observ.
753 660 975 709 Heteropodes
1001 660 1140 710 pedibus
1166 660 1347 697 dorsalibus
1373 662 1463 698 disco
1488 662 1649 699 destitutis
1674 678 1692 700 a
1717 665 1835 714 Spora-

483 734 660 784 dipodibus
685 732 854 768 differunt.

789 828 823 874 a)
869 824 1314 861 srlcnoronES.

578 897 680 932 Pedes
706 895 927 932 abdominales
953 896 1001 932 vel
1028 911 1156 939 omnes,
1185 896 1231 932 vel
1258 896 1292 931 in
1320 896 1504 933 abdominis
1529 897 1636 934 medio
1661 896 1775 933 saltem
1799 897 1834 932 in

481 967 611 1004 ordines
635 977 709 1012 tres,
735 977 875 1016 quatuor
900 967 947 1003 vel
974 967 1118 1016 quinque
1144 967 1305 1016 dispositi.

769 1068 801 1097 S.
843 1060 961 1099 Genus.
999 1060 1255 1096 Srrcnopcs.
1277 1060 1341 1097 ΒΓ.

578 1141 678 1177 Pedes
705 1141 926 1177 abdominales
953 1141 987 1176 in
1008 1142 1136 1177 ordines
1164 1151 1229 1177 tres
1255 1141 1412 1179 collocati.
1457 1142 1711 1178 Tentaculorum
1733 1140 1835 1191 peltae

482 1211 651 1248 circulares
677 1220 708 1247 et
734 1212 878 1259 margine
904 1210 1083 1260 aequaliter
1102 1211 1204 1248 fissae.

845 1292 985 1339 Subgen.
1011 1293 1267 1330 Pmnmms.

582 1375 663 1410 Pars
688 1374 783 1410 oralis
814 1373 972 1410 tentacula
1008 1384 1038 1411 et
1071 1389 1105 1411 os
1132 1376 1300 1412 continens
1327 1374 1492 1411 involucro
1512 1375 1679 1418 circulari,
1719 1390 1736 1411 a
1762 1386 1834 1413 cute

479 1446 623 1494 elongata
660 1447 800 1481 formato
837 1454 868 1481 et
908 1445 1036 1495 papillis
1077 1447 1255 1493 marginem
1294 1456 1400 1483 totum
1439 1446 1577 1483 liberum
1603 1446 1836 1495 occupantibus

480 1518 595 1554 cincta.

271 1588 364 1639 Spec.
393 1596 423 1625 1.
473 1588 718 1625 SITICHOPUS
746 1588 946 1637 (Pem'deris)
970 1588 1173 1624 chloronolos.
1199 1586 1260 1625 ΒΓ.

578 1662 879 1697 HOLOTHURIA
904 1676 937 1696 η.
960 1666 1017 1696 14.
1046 1661 1125 1696 Mss.
1151 1661 1324 1696 Mer-lensii.

579 1733 705 1781 Corpus
733 1733 912 1781 spithamae
939 1731 1142 1779 longitudine
1168 1731 1217 1767 vel
1247 1731 1347 1775 ultra,
1379 1733 1434 1779 13⁰
1463 1730 1576 1767 latum.
1617 1731 1790 1766 Abd'omen
1817 1744 1835 1765 a

479 1804 576 1839 dorso
600 1803 777 1838 admodum
804 1803 1014 1846 distinctum,
1050 1803 1186 1841 fuscum.
1236 1801 1447 1850 Singulorum
1474 1802 1625 1838 ordinum
1652 1802 1748 1851 pedes
1773 1801 1836 1836 fre-

480 1873 698 1923 quentissimi,
740 1875 966 1917 fuscescentcs,
1005 1874 1093 1923 apice
1119 1874 1327 1922 nigricantes.
1389 1872 1567 1909 Tentat-uta
1594 1872 1725 1920 vigimi‚
1765 1872 1835 1908 basi

481 1943 598 1993 pallide
624 1945 848 1987 fuscescentia‚
886 1944 975 1994 apice
1005 1945 1140 1980 obscure
1166 1945 1272 1987 fusca,
1298 1943 1462 1980 involucro
1488 1944 1634 1986 dentato,
1662 1943 1751 1978 fusco
1776 1942 1837 1977 cir-

481 2015 639 2050 cumcirca
666 2015 780 2050 cincta.
820 2015 962 2051 Dorsum
989 2015 1022 2050 in
1046 2014 1154 2050 medio
1174 2014 1420 2050 eminentiarum
1442 2013 1631 2060 insignium,
1651 2013 1835 2048 conicarum

482 2085 651 2120 ordinibus
687 2086 817 2121 duobus
857 2085 1031 2135 parallelis,
1074 2100 1216 2134 quorum
1256 2085 1364 2135 quivis
1389 2099 1405 2121 e
1430 2084 1558 2120 duabus
1584 2082 1834 2118 eminentiarum

482 2155 625 2192 seriebus
668 2155 845 2204 composita
883 2157 1167 2192 animadvertitur.
1217 2157 1381 2192 Praeterea
1421 2155 1455 2191 in
1492 2152 1635 2201 margine
1673 2152 1834 2187 abdomen

480 2227 608 2263 adorso
635 2226 841 2274 disjungente
868 2227 1116 2263 eminentiarum
1142 2226 1237 2262 series
1257 2226 1392 2277 simplex
1412 2225 1614 2269 observatur,
1639 2236 1702 2272 qua
1722 2236 1834 2270 margo

482 2296 575 2346 quasi
613 2297 766 2332 dentatus
805 2307 947 2348 apparet.
1009 2298 1273 2334 Eminentiarum
1304 2296 1386 2334 basis
1416 2296 1513 2332 dorso
1542 2293 1708 2339 concolor,
1754 2307 1832 2342 apex

481 2367 601 2416 pallide
624 2369 808 2404 ochraceus.

587 2439 722 2475 Inventa
748 2439 782 2475 in
809 2439 914 2476 Insula
942 2441 1099 2489 Lugunor
1123 2450 1155 2478 et
1181 2440 1335 2477 Guahan.
