2036 3125
252 1417 347 1468 Spec.
374 1425 406 1456 1.

261 2298 355 2350 Spec.
385 2309 417 2341 1.

889 338 1184 365 —220—

456 437 559 475 tacula
586 435 714 482 evoluta
740 440 797 478 54,
818 434 893 470 *basi
920 433 1037 484 pallide
1063 433 1226 477 caerulea,
1254 434 1378 471 minora
1402 449 1460 473 seu
1484 438 1630 476 abortiva
1656 440 1804 492 capitata,

456 507 603 559 capitulis
629 506 873 555 nigricantibuS.

553 580 590 615 In
616 579 744 615 Oceano
770 576 901 627 pacifico
926 576 1015 612 haud
1041 575 1154 626 procul
1180 575 1221 612 ab
1247 575 1360 612 insulis
1386 577 1699 622 Boninsimensibus.

709 671 850 706 Familia
876 669 1171 713 AEQuomnAE
1195 668 1344 706 Eschsclz.

553 752 600 789 Os
639 762 671 789 et
707 752 911 802 oesophagus
943 751 977 786 in
1004 751 1229 800 proboscidem
1255 764 1322 786 non
1348 750 1504 800 elongata.
1548 754 1689 792 Brachia
1718 758 1806 796 nulla

457 823 506 859 vel
546 838 663 873 parum
689 823 827 859 evoluta.
878 821 1087 857 Ventriculus
1111 820 1328 865 abbreviatus,
1354 823 1590 872 appendicibus
1607 826 1736 863 saccatis
1754 828 1805 865 vel

457 893 612 941 elongatis
632 892 914 929 numerosissimis.
965 892 1091 942 Corpus
1116 891 1548 942 depresso-campanulatum
1573 895 1623 931 vel
1640 895 1806 946 pileatum.

554 965 645 1000 Num
687 978 721 1000 re
756 978 829 1001 vera
866 962 1073 1012 Aequoridae
1110 971 1142 999 et
1167 962 1349 1000 Oceanidae
1378 964 1514 1001 familias
1539 965 1619 1003 duas
1643 966 1812 1005 distinctas

458 1035 568 1070 sistere
594 1035 735 1070 debent?

698 1134 730 1164 1.
760 1125 878 1163 Genus.
929 1126 987 1162 ΑΕ
997 1137 1021 1169 Q
1030 1136 1052 1161 U
1064 1135 1086 1161 o
1094 1136 1118 1161 R
1127 1135 1181 1161 EA
1206 1125 1359 1163 Eschsclz.

557 1208 729 1256 Aequorea
755 1208 866 1244 Peron
892 1214 923 1243 et
948 1208 1026 1245 Les.
1052 1221 1080 1244 e.
1102 1222 1137 1253 p.

557 1279 766 1328 Appendices
792 1277 964 1314 ventriculi
991 1277 1114 1314 canales
1139 1276 1249 1328 plures
1273 1278 1419 1317 lineares.
1456 1281 1571 1331 Margo
1589 1283 1653 1320 oris
1664 1282 1812 1334 simplex.

460 1349 637 1384 Tentacula
664 1349 852 1397 marginalia
878 1363 1061 1385 numerosa.

456 1428 697 1463 AEQUOREA
722 1420 903 1456 rhodoloma
929 1420 993 1456 Br.

557 1491 746 1526 MEDUSA
772 1505 805 1526 n.
831 1498 864 1527 2.
886 1491 964 1526 Mss.
990 1491 1168 1527 Mertensnz

560 1561 685 1611 Corpus
710 1560 1078 1605 abbreviato-conicum,
1105 1566 1121 1608 ὲ
1148 1583 1194 1590 —
1219 1562 1253 1608 ξ’
1276 1561 1423 1610 longum,
1450 1563 1631 1615 hyalinunn
1658 1567 1816 1615 marginis

462 1631 565 1669 limbo
597 1621 704 1670 moseo.
764 1633 973 1682 Appendices
1004 1632 1174 1670 ventriculi
1199 1640 1260 1671 32.
1310 1633 1487 1671 Tentacula
1511 1642 1560 1673 32
1585 1650 1718 1686 corpore
1743 1637 1815 1674 lon-

463 1702 563 1753 giora.
1124 1692 1127 1695 Ι

561 1775 599 1810 In
622 1775 704 1811 Sinu
731 1775 939 1824 Conception
965 1789 1038 1811 orae
1065 1774 1238 1812 Chilensis.

672 1874 706 1903 2.
738 1866 858 1904 Genus.
900 1867 1311 1904 STOMOBRACHIOTA
1335 1867 1398 1905 Br.

560 1947 769 1985 Ventriculus
808 1949 1045 1999 appendicibus
1083 1948 1235 2000 pluribus
1272 1949 1393 1986 canales
1429 1948 1670 1986 exhibentibus.
1734 1949 1813 1987 Oris

465 2032 577 2066 margo
613 2019 755 2056 brachiis
793 2027 814 2057 5
841 2041 888 2049 -
915 2028 936 2058 6
961 2021 1126 2058 brevibus.
1175 2020 1328 2071 Corporis
1352 2019 1544 2057 disciformis
1570 2033 1681 2070 margo
1705 2028 1812 2057 tenta-

466 2087 544 2125 culis
570 2089 731 2138 plurimis.

563 2159 676 2196 Genus
702 2161 847 2198 medium
871 2162 956 2198 inter
968 2160 1155 2212 Aequoreas
1181 2170 1213 2199 et
1237 2163 1451 2206 Mesenemas,
1471 2160 1538 2199 imo
1562 2160 1642 2198 adeo
1667 2160 1812 2211 quodam

466 2231 625 2268 ——modo
650 2232 694 2267 ad
718 2230 867 2269 Aurelias
892 2233 1038 2270 tendens.

466 2301 882 2340 STomomzAcmoTA
905 2306 1096 2341 lenticularis
1120 2303 1186 2342 ΒΓ.

565 2373 756 2410 MEDUSA
779 2389 813 2411 n.
841 2383 875 2412 1.
898 2374 982 2414 Mss.
1008 2374 1188 2413 Mettensit'.

568 2444 725 2495 Iiyalina,
751 2459 885 2496 corpore
912 2446 1111 2492 lenticulari,
1136 2446 1297 2484 diametro
1325 2449 1364 2492 13
1380 2464 1428 2473 -
1446 2442 1605 2495 pollicari.
