2036 3125
319 1769 414 1820 Spec.
443 1776 474 1806 1.

930 381 986 391 —
1040 358 1120 399 230
1174 380 1230 391 —

649 482 930 521 INCERTAE
961 480 1110 517 SEDIS
1145 481 1532 523 DISCOPHORAE.

760 594 898 632 Famih'a
922 594 1069 632 Bssnm
1080 602 1240 631 1crnAn
1265 594 1417 632 Eschsch.

633 686 767 722 Canales
797 696 938 736 quatuor
960 687 1109 730 cruciati,
1139 687 1304 723 interdum
1331 701 1442 724 versus
1461 688 1604 739 corporis
1622 694 1798 742 marginem
1817 708 1870 732 ra.

532 757 677 801 mificafi,
697 760 825 806 organis
844 758 990 794 sucton'is
1011 759 1142 794 obsessi.
1166 759 1318 807 (Peren).
1548 747 1551 754 ¹

631 829 666 865 Si
699 843 730 865 re
768 844 842 865 vera
869 828 1076 864 Berenicidae
1095 842 1150 864 ore
1169 828 1307 877 simplici
1334 839 1442 866 carent
1467 830 1791 872 Rhizostomidarum
1813 849 1872 872 seu

520 899 782 949 Polystomarum
814 899 926 935 saltem
959 899 1133 935 sectionem
1165 898 1214 935 vel
1240 899 1397 936 familiam
1414 901 1634 947 exhibebunt,
1665 905 1693 940 si
1711 913 1816 943 autem
1835 919 1871 943 os

520 970 656 1020 simplex
677 971 813 1013 habent,
836 970 878 1006 ob
897 984 1046 1006 vasorum
1066 970 1256 1014 decursum,
1275 971 1457 1008 Medusidis
1484 972 1777 1012 Eschscholtzianis
1794 986 1872 1014 sunt

523 1041 761 1094 adjungendae.

622 1121 824 1160 Berenicidis
849 1121 1093 1157 adnumeranda
1114 1120 1241 1157 videtur
1258 1122 1461 1172 Discophora
1480 1137 1562 1160 nova
1583 1138 1602 1160 a
1621 1124 1796 1161 Mertensio
1821 1124 1876 1164 de·

525 1205 625 1241 tecta,
646 1207 727 1243 quae
747 1191 939 1242 peculiarem
960 1200 1081 1240 typum
1099 1193 1283 1239 genericum
1302 1194 1396 1231 sistit.

786 1315 818 1344 1.
848 1307 966 1344 Genus.
993 1307 1105 1342 STAU
1115 1318 1322 1343 nomionis
1342 1309 1406 1346 Br.

730 1391 783 1438 (M
792 1401 815 1425 E
824 1400 848 1425 D
855 1399 879 1424 U
889 1399 905 1425 s
916 1398 942 1424 A
960 1389 1039 1425 Mss.
1060 1388 1253 1437 Mertensii.)

621 1473 668 1509 Os
696 1473 791 1520 (teste
810 1471 1002 1520 Mertcnsio)
1025 1470 1164 1507 nullum.
1215 1471 1252 1506 ln
1271 1471 1424 1508 inferiore
1443 1471 1523 1508 disci
1543 1471 1622 1508 facie
1641 1471 1774 1508 brachia
1792 1485 1878 1509 com·

527 1559 646 1596 pressa,
668 1556 840 1579 numerosa
863 1542 960 1590 (num
986 1555 1105 1588 organa
1124 1543 1261 1577 suctoria
1282 1541 1550 1592 brachiformia?)
1572 1542 1721 1579 crun‘bus
1741 1551 1880 1592 quatuor

525 1615 673 1654 cruciatis
700 1615 780 1650 serie
800 1612 926 1662 duplici
945 1612 1073 1648 inserta.
1124 1612 1278 1661 Corporis
1296 1626 1407 1660 margo
1426 1611 1664 1650 tentaculorum
1683 1626 1758 1650 cum
1777 1610 1879 1650 canali

530 1685 679 1723 circulari
706 1682 1021 1720 communicantium
1040 1682 1120 1718 serie
1139 1680 1280 1731 simplici
1299 1681 1461 1718 obsessus.

524 1767 607 1803 STA
617 1776 671 1801 ΕΒ
680 1774 854 1801 OPHORA
880 1765 1047 1801 Mertcnsii
1062 1763 1125 1799 Br.

625 1849 661 1885 Μ
671 1859 694 1884 E
703 1858 727 1883 n
736 1858 759 1882 U
768 1858 785 1883 s
795 1857 820 1882 Α
845 1861 877 1884 η.
900 1854 931 1883 7.
958 1846 1041 1882 Mss.
1069 1846 1243 1881 Merlensii.

627 1928 754 1977 Corpus
778 1928 985 1978 depressum,
1010 1924 1387 1975 subhemisphaericum‚
1420 1923 1607 1977 hyalinum‚
1632 1926 1733 1962 trium
1756 1925 1880 1963 circiter

532 1997 685 2049 pollicum
704 1998 861 2034 diametro
882 1995 1095 2034 transversali.
1148 1996 1268 2039 Crura,
1299 1994 1421 2044 quibus
1451 1994 1581 2031 brachia
1612 1993 1781 2045 imposita,
1805 1995 1897 2046 plus»

531 2068 680 2105 minusve
699 2068 959 2104 coerulcscentia.

629 2149 668 2185 In
685 2149 768 2187 Sinu
787 2148 1014 2187 Nordfolcensi
1033 2156 1065 2185 et
1082 2148 1118 2185 in
1139 2146 1269 2184 Oceano
1287 2144 1373 2183 inter
1388 2142 1533 2182 Insulam
1551 2144 1696 2182 Siteham
1714 2152 1746 2182 et
1758 2144 1881 2181 Insulas

533 2216 709 2256 Aleuticas.
