2036 3125
255 441 348 490 Spec.
375 447 409 479 2.
461 439 827 476 CLADODACTYLA
860 435 1087 485 (Polyclados)
1115 439 1258 472 miniosa.
1285 437 1348 474 ΒΓ.

563 520 624 556 ΗΟ
635 526 857 554 LOTHURIA
883 532 915 553 n.
942 525 977 554 2.
997 518 1167 553 Merlensii
1190 518 1273 554 Mss.

560 588 772 638 Semipedalis
799 597 829 623 et
856 587 960 631 ultra,
987 588 1139 632 minima,
1167 601 1300 636 corpore
1321 586 1392 636 plus
1412 586 1558 624 minusve
1578 599 1715 632 curvato,
1740 599 1814 626 ante

468 659 612 696 medium
639 649 820 700 contrecto,
860 671 944 707 pone
966 658 1111 693 medium
1137 658 1319 694 incrassato.
1369 658 1469 694 Pedes
1497 660 1593 707 (teste
1618 660 1812 710 Mertensio)

466 729 501 764 in
528 731 688 765 anteriore
715 727 857 776 corporis
884 737 973 776 parte
993 728 1187 764 deficiente&
1233 728 1324 765 Circa
1342 742 1441 765 anum
1462 729 1653 778 appendices
1672 730 1814 780 quinque

465 800 605 836 fui-eatae
632 799 783 836 stellatim
811 799 946 847 positae.

568 872 605 906 In
630 871 738 906 Insula
763 870 886 906 Sikelia.

259 952 352 1002 Spec.
378 959 413 989 3.
465 953 770 988 CLADODACTY
782 962 834 987 LA
863 951 1088 1001 (Polyclados)
1116 955 1290 999 nigricans.
1315 953 1378 990 ΒΓ.

572 1035 873 1071 HOLOTHURIA
899 1049 931 1070 71.
959 1041 992 1070 4.
1019 1036 1110 1080 apud
1133 1037 1344 1071 fllerlensz‘um
1370 1040 1400 1072 in
1427 1037 1508 1074 fflss.

563 1103 785 1152 Tripollicaris
811 1113 842 1139 et
868 1104 966 1147 ultra,
993 1104 1167 1153 nigricans,
1195 1120 1328 1154 corpore
1353 1106 1482 1154 glabro,
1509 1107 1543 1142 in
1563 1107 1670 1144 medio
1697 1109 1816 1146 incras-

465 1185 545 1212 sato,
596 1176 723 1211 Pedum
751 1174 880 1210 ordines
911 1175 953 1210 ab
979 1189 1033 1210 ore
1060 1176 1101 1211 ad
1128 1190 1227 1211 anum
1252 1190 1356 1225 usque
1379 1178 1526 1226 porrecti.
1579 1178 1672 1216 Anus
1697 1180 1815 1217 nudus.

564 1246 601 1281 In
627 1243 738 1281 Insula
759 1244 882 1280 Sitcha.

733 1336 872 1384 Subgen.
902 1337 1260 1375 HoneocrADos.
1286 1337 1346 1376 Br.

571 1419 747 1455 Tentacula
773 1433 869 1467 supra
891 1419 982 1455 basin
1010 1419 1173 1469 paulisper
1198 1420 1346 1465 dilatata,
1372 1421 1561 1471 simpliciter
1586 1430 1618 1458 et
1637 1421 1818 1470 irregulari-

466 1500 515 1526 ter
540 1490 691 1539 pinnata,
721 1489 832 1538 pinnis
858 1489 1074 1525 denlieulatis.

257 1572 351 1622 Spec.
378 1577 414 1609 4.
466 1572 832 1608 CLADODACTYLA
861 1571 1120 1620 (Holigoclados)
1148 1572 1254 1607 albida
1281 1572 1343 1609 Br.

565 1642 873 1678 HOLOTHURIA.
899 1657 932 1678 n.
955 1649 987 1679 3.
1015 1643 1095 1678 Mss.
1122 1643 1302 1678 Merlensii.

570 1711 860 1760 Quadripollicaris
886 1721 918 1748 et
943 1712 1044 1756 ultra,
1072 1727 1087 1748 e
1113 1712 1278 1748 ssavicante
1299 1712 1424 1755 albida,
1450 1726 1583 1762 corpore
1599 1713 1727 1761 glabr0‚
1750 1727 1818 1749 ver-

465 1797 521 1818 sus
552 1783 696 1818 medium
728 1792 758 1818 et
791 1783 825 1818 in
852 1783 959 1819 medio
985 1784 1148 1820 crassiore.
1200 1784 1325 1820 Pedum
1351 1784 1478 1820 ordines
1504 1785 1546 1820 ab
1572 1798 1626 1820 ore
1652 1785 1693 1820 ad
1719 1798 1818 1820 anum

465 1868 566 1902 usque
604 1854 738 1890 extensi.
800 1855 900 1890 Pedes
939 1856 1074 1904 majores
1112 1855 1367 1898 numerosiores,
1403 1864 1433 1892 et
1465 1854 1703 1891 tentaculorum
1735 1841 1816 1890 rami

464 1925 571 1960 minus
598 1925 752 1960 attenuati
779 1939 877 1973 quam
905 1925 940 1961 in
970 1926 1020 1963 Cl.
1047 1930 1233 1974 nigricante.

569 1997 605 2031 ln
630 1995 739 2031 Insula
765 1996 885 2033 Sitcha.

570 2065 697 2114 Species
731 2066 850 2102 dubiae
888 2065 938 2102 vel
974 2081 1093 2117 parum
1118 2067 1179 2103 rite
1204 2067 1349 2116 cognitae
1375 2066 1415 2103 ad
1441 2063 1687 2114 Cladodactylas
1706 2063 1815 2098 forsan

467 2135 670 2171 referendae:

258 2216 351 2266 Spec.
380 2222 412 2252 5.
463 2216 823 2252 CLADODACTYLA
853 2217 1045 2254 Gaerlneri?

569 2298 866 2334 HOLOTHURlA
906 2298 1076 2336 Gaerlneri
1111 2298 1236 2334 Blainv.
1271 2298 1357 2334 Dict.
1390 2297 1424 2333 d.
1454 2309 1497 2332 sc.
1528 2303 1593 2330 nat.
1622 2292 1815 2329 IIolothurie

467 2382 500 2416 p.
535 2374 618 2404 518.
652 2389 697 2396 -—-
751 2369 868 2418 Hydra
900 2369 1077 2406 corallifera
1115 2369 1275 2424 Gacrtner
1314 2368 1388 2404 Act.
1421 2364 1520 2413 Angl.
1556 2370 1659 2400 1761.
1691 2377 1724 2412 p.
1755 2368 1814 2398 80.

468 2436 548 2473 Tab.
574 2438 599 2474 J.
626 2437 698 2486 Fig.
726 2444 760 2474 3.
785 2437 829 2474 A.
854 2439 894 2475 B.
