2036 3125
799 297 1105 353 -249-

378 409 469 446 haud
506 409 641 445 diversa.
694 407 865 444 Chamisso
896 407 1032 457 quidem
1061 407 1184 456 pedum
1217 408 1381 446 mentione
1407 410 1495 448 haud
1518 415 1592 452 facit
1611 428 1641 455 et
1659 421 1733 458 icon

378 482 452 531 ejus
472 481 592 524 colore,
630 479 832 515 macularum
852 479 974 522 forma,
1000 478 1167 514 tentaculis
1187 479 1255 514 basi
1273 480 1376 516 multo
1394 485 1650 532 angustioribus,
1677 504 1736 529 nec

381 566 449 588 non
475 565 608 600 corpore
629 549 730 596 magis
750 548 843 584 tereti
863 549 905 584 ab
924 549 1014 584 icone
1040 550 1256 586 Mertensiana
1278 552 1319 587 ad
1340 553 1448 590 vivum
1470 555 1596 605 depicta
1615 558 1735 598 differt.

379 623 503 659 Forsan
524 631 632 658 autem
654 621 688 656 in
709 619 932 656 concinnanda
956 620 1059 667 ligura
1080 629 1111 656 et
1129 621 1341 670 descriptione
1369 625 1537 662 Chamisso
1563 629 1736 678 specimine

380 696 415 731 in
435 695 560 743 liquore
579 702 703 729 servato
727 707 803 728 usus
824 701 888 737 est,
914 693 1003 741 cujus
1022 692 1134 742 pede5‚
1162 702 1199 728 ut
1219 693 1413 744 plerumque
1433 709 1500 732 esse
1525 698 1622 743 solet,
1644 711 1736 739 erant

381 765 509 801 retracti
541 774 571 801 et
604 764 798 814 papillarum
830 764 969 799 sormam
995 764 1224 800 exhibuerunt.
1283 766 1367 802 Sane
1399 767 1493 803 etiam
1520 771 1696 819 specimina
1720 787 1738 809 a

380 836 557 872 Mertensio
584 836 616 871 iu
643 836 767 885 liquore
792 835 891 870 relata
919 850 992 870 cum
1019 835 1143 886 pictura
1172 836 1436 873 Chamissoniana
1458 840 1614 888 majorem
1634 853 1740 881 osten·

380 907 467 943 dunt
486 907 692 949 affinitatem,
718 906 808 942 icone
828 907 1046 942 Menensiana
1068 908 1109 942 ad
1129 907 1239 943 vivum
1258 909 1376 944 animal
1397 911 1490 948 facta.

171 989 264 1040 Spec.
293 996 325 1027 2.
376 990 695 1026 ONCINOLABES
715 990 814 1024 mollis
835 988 899 1023 Br.

487 1061 781 1095 Hotornvnm
809 1073 842 1095 n.
874 1065 930 1094 13.
957 1059 1038 1095 Mss.
1066 1059 1241 1096 Mertenxz'i.

481 1132 608 1181 Corpus
634 1130 783 1173 mollius,
823 1129 978 1180 tripedale
1005 1139 1035 1165 et
1062 1130 1166 1173 ultra,
1198 1130 1277 1166 sacie
1304 1146 1368 1168 una
1394 1133 1612 1181 ardesia‘cum,
1643 1139 1741 1178 altem

383 1216 400 1239 e
420 1202 510 1238 fusco
544 1203 713 1250 flavescens
739 1211 769 1238 et
792 1201 1114 1251 ssavo—maculatum.
1158 1201 1274 1237 Lineae
1301 1204 1447 1252 quinque
1473 1209 1738 1256 aequidistanteS‚

384 1274 571 1324 parallelae,
602 1274 646 1309 ab
678 1287 732 1308 ore
755 1273 797 1308 ad
818 1287 917 1308 anum
940 1286 1042 1321 nsque
1063 1282 1245 1321 porrectae,
1282 1273 1679 1328 violascente—coeruleae,
1707 1284 1743 1320 in

384 1360 525 1395 quarum
551 1344 754 1392 marginibus
780 1344 876 1394 pedes
896 1343 992 1379 discis
1012 1342 1108 1378 luteis
1129 1344 1280 1379 instructi
1300 1346 1617 1388 animadvertuntur.
1657 1354 1745 1391 Ten-

385 1416 490 1453 tacula
528 1416 645 1466 pallide
678 1415 907 1460 suscescentia,
947 1414 1153 1450 adminiculis
1180 1416 1411 1453 vesicularibus
1438 1418 1543 1458 luteis.
1607 1424 1743 1463 Hamuli

385 1487 513 1524 cutanei
539 1487 640 1522 oculis
667 1486 765 1521 nudis
793 1486 882 1521 haud
909 1485 1065 1522 distincti.

490 1560 529 1595 In
554 1557 660 1593 Insula
688 1557 830 1592 Guahan
858 1556 1061 1606 (Insularum
1086 1557 1342 1608 Marianarum).

484 1629 622 1664 observ.
647 1636 677 1665 1.
698 1629 788 1663 Num
809 1628 916 1676 generi
932 1626 1142 1664 Oncinolabes
1161 1644 1292 1679 quoque
1313 1632 1521 1681 adjungenda
1540 1635 1595 1672 illa
1614 1639 1745 1688 species,

388 1715 487 1750 quam
503 1700 667 1747 Joegerus
695 1699 873 1736 Holothur.
900 1714 933 1749 p.
964 1707 1020 1736 15.
1047 1700 1222 1749 Synaplam
1242 1702 1365 1738 Beseliz'
1386 1714 1475 1740 vocat
1502 1715 1532 1741 et
1558 1707 1591 1742 in
1618 1708 1683 1745 tab.
1714 1717 1745 1748 1.

387 1771 582 1810 delineavit?
622 1771 814 1806 Notandum
849 1780 973 1813 tamen,
1011 1771 1184 1819 Jaegerurn
1226 1773 1265 1808 de
1297 1774 1418 1822 pedum
1445 1775 1493 1811 vel
1519 1776 1559 1812 de
1585 1776 1746 1816 linearum

387 1844 517 1894 papillis
543 1844 746 1879 obsessarum
773 1842 951 1892 praesentia
979 1856 1018 1877 ne
1044 1843 1217 1879 verbulum
1243 1845 1377 1893 quidem
1403 1847 1523 1884 secisse.

488 1916 624 1951 Observ.
653 1921 686 1951 2.
730 1913 850 1949 Generi
889 1911 1095 1950 Onczbzolabes
1132 1914 1349 1951 verisimiliter
1382 1917 1582 1957 Oueinolabis
1607 1922 1753 1958 Forslerz‘

390 1986 522 2024 nomine
550 1986 738 2022 Holothuria
765 1986 955 2021 tentandam
982 1985 1088 2021 Forst.
1115 1986 1194 2023 Mss.
1221 2000 1275 2036 ap.
1300 1987 1428 2025 Blainv.
1455 1989 1541 2027 Dict.
1568 1991 1601 2030 d.
1621 2007 1663 2028 sc.
1679 2001 1746 2030 nat.

390 2058 431 2094 T.
457 2059 554 2094 XXI.
582 2072 614 2107 p.
643 2064 725 2094 518.
750 2056 911 2093 addenda.

658 2184 698 2220 B.
744 2183 1275 2222 HETEROPODES.

495 2277 596 2314 Pedes
622 2277 764 2326 duplicis
790 2287 989 2321 structurae,
1015 2278 1068 2314 alii
1097 2278 1392 2329 cylindricisapice
1417 2280 1559 2326 dilatati,
1587 2283 1620 2319 in
1647 2285 1749 2322 abdo-

392 2347 478 2383 mine
504 2348 696 2398 plerumque
722 2358 849 2385 tantum
876 2350 962 2385 obvii
989 2359 1020 2386 et
1045 2365 1061 2386 e
1087 2351 1174 2399 poris
1201 2360 1406 2401 erumpentes
1436 2353 1551 2402 (pedes
1571 2358 1665 2405 veri).
1692 2357 1746 2394 alii

392 2418 426 2454 in
457 2417 552 2455 dorso
576 2420 644 2463 siti,
684 2420 805 2464 conici,
843 2420 969 2457 tubulis
1005 2421 1145 2465 similes,
1179 2437 1217 2458 ex
1248 2423 1431 2459 eminentiis
1457 2424 1747 2463 verruciformibus

1488 2494 1541 2548 34
