2036 3125
921 339 1221 394 ...224-

509 465 571 492 tus.
621 450 796 488 Tentacula
835 450 870 486 in
904 449 1054 486 inferiore
1092 449 1172 486 disci
1197 449 1275 485 facie
1302 462 1402 499 prope
1427 451 1604 499 marginem
1630 453 1663 489 in
1688 452 1855 491 fasciculos

511 524 676 576 disposita.

302 605 395 655 Spec.
423 608 455 638 1.
502 598 690 634 CYANEA
710 594 861 630 Poslclsz'i
876 592 936 630 ΒΓ.

319 1903 417 1952 Spec.
444 1907 476 1937 2.

616 669 750 714 Cyanen
769 679 801 700 n.
823 672 856 701 8.
877 665 955 700 Mss.
976 663 1141 700 Mertensii
1164 676 1192 699 e.
1213 677 1246 709 p.

614 734 877 787 Diseusfpallide
896 734 1119 782 -ferrugineus,
1160 738 1207 781 2}
1235 754 1281 762 -—
1309 732 1367 770 12¹¹
1392 732 1548 768 diametro
1573 732 1715 781 margine
1740 734 1860 778 albida,

510 811 592 848 tobis
620 815 664 845 32
690 805 913 851 subm-enatis,
940 804 1138 846 rotundatis,
1165 818 1308 853 quorum
1335 812 1354 841 8
1382 804 1531 852 majores,
1580 805 1715 841 Brachia
1739 807 1859 856 longis-

513 881 608 920 sima,
635 878 723 913 disco
748 876 849 926 duplo
876 875 1031 923 longiora.
1075 874 1251 910 Teutacula
1278 874 1402 919 albida,
1428 875 1626 924 longissima,
1653 876 1784 914 brachia
1807 893 1863 915 su-

513 947 676 1000 perantia,
702 947 753 983 vix
780 947 821 982 ad
846 945 1072 993 ferrugineum
1100 945 1263 994 paulisper
1288 945 1464 982 tendentia.

612 1019 644 1053 A
676 1016 854 1052 Mertensio
885 1014 918 1050 in
949 1015 1024 1050 sinu
1055 1014 1282 1052 Nordfolcensi
1320 1025 1352 1052 et
1377 1015 1412 1051 in
1438 1016 1520 1052 mari
1551 1016 1634 1052 inter
1657 1016 1800 1053 Sitcham
1831 1026 1864 1053 et

514 1089 752 1136 Unalaschkam
779 1089 956 1124 observata.

615 1159 691 1196 Dixi
730 1159 762 1194 in
803 1159 961 1194 honorem
1000 1157 1198 1194 Amicissimi
1235 1158 1400 1202 Postelsii,
1438 1158 1604 1194 Mertensii
1631 1161 1776 1206 comitis,
1812 1161 1865 1198 cui

515 1233 663 1281 figuram
688 1229 933 1271 nitidissimam,
973 1229 1014 1263 ad
1041 1238 1188 1264 naturam
1215 1229 1450 1265 accuratissime
1477 1229 1671 1266 delineatam
1698 1231 1865 1276 debemus,

520 1316 621 1352 quam
647 1301 680 1335 in
707 1298 953 1334 Commentariis
980 1297 1182 1334 Academicis
1208 1299 1468 1335 communicabo.

617 1372 750 1408 observ.
776 1369 913 1418 Cyanea
933 1370 1084 1405 Poslelsii
1102 1382 1252 1416 magnam
1279 1369 1411 1417 quidem
1429 1369 1616 1407 affinitatem
1637 1387 1711 1408 cum
1731 1372 1868 1419 Cyanea

511 1446 701 1494 ferruginea
716 1439 952 1476 Eschscholtzii
971 1439 1129 1481 ostendit,
1156 1454 1259 1488 quum
1283 1448 1391 1475 autem
1405 1439 1666 1476 Eschscholtzius
1689 1442 1819 1479 brachia
1833 1444 1869 1479 in

524 1513 564 1552 C.
579 1516 767 1561 ferruginea
793 1511 884 1547 lobos
910 1511 1021 1546 breves
1048 1525 1113 1546 esse
1138 1510 1222 1546 dicat
1248 1519 1279 1545 et
1298 1510 1458 1546 tentacula
1485 1511 1591 1548 brevia
1617 1513 1771 1562 depingat
1796 1528 1872 1551 cum

522 1585 658 1634 Cyanen
666 1586 862 1632 ferruginea
888 1581 977 1618 haud
1004 1575 1243 1630 conjungerem.

875 1661 1013 1709 Suhgen.
1038 1644 1230 1712 Cyaneopsis
1251 1661 1315 1698 ΒΓ.

626 1746 882 1783 Tentaculorum
923 1745 1067 1796 cujusvis
1103 1744 1246 1782 fasciculi
1285 1743 1429 1781 medium
1466 1743 1597 1795 reliquis
1632 1747 1697 1785 {ere
1722 1750 1872 1801 sextuplo

523 1817 650 1866 longius
676 1826 707 1853 et
732 1816 836 1852 multo
861 1816 1009 1853 crassius.

532 1897 664 1946 Cyanen
685 1897 907 1944 Behringiana
931 1897 994 1933 Br.

625 1971 711 2006 Disci
753 1984 863 2018 margo
899 1968 981 2004 lobis
1026 1975 1086 2010 16,
1114 1982 1260 2018 quorum
1287 1976 1307 2005 8
1329 1967 1467 2017 majores
1505 1976 1538 2003 et
1575 1967 1701 2004 latiores
1726 1970 1873 2018 margine

528 2041 681 2079 crcnulati
696 2070 706 2088 ,
745 2042 884 2077 minores
916 2040 1140 2076 subtetralobi.
1202 2039 1291 2076 Disci
1317 2039 1472 2075 diameter
1498 2040 1565 2088 13⁸.
1611 2040 1762 2090 Corporis
1787 2040 1876 2078 color

529 2115 735 2166 pallidissime
760 2130 776 2151 e
802 2116 997 2150 fuscescente
1022 2114 1137 2156 ssavus,
1174 2112 1408 2149 tentaculorum
1435 2125 1452 2147 e
1478 2111 1671 2148 fuscescente
1695 2113 1874 2152 aurantius.

625 2186 662 2221 In
689 2185 763 2221 sinu
788 2185 1032 2234 Karaginscensi
1061 2184 1158 2220 maris
1183 2182 1406 2232 Behringiani.

633 2255 770 2291 Observ.
788 2262 819 2292 1.
851 2257 997 2305 Cyaneae
1022 2254 1143 2306 species
1170 2254 1267 2289 modo
1291 2253 1430 2289 indicata
1454 2250 1638 2302 imperfecte
1662 2266 1680 2288 a
1698 2252 1874 2290 Mertensio

534 2326 691 2376 descripta
718 2335 748 2361 et
774 2340 849 2362 cum
868 2326 1096 2362 antecendente
1121 2324 1235 2374 specie,
1256 2324 1360 2360 nescio
1385 2337 1449 2371 qua
1475 2321 1513 2358 de
1539 2336 1634 2358 causa
1661 2322 1802 2358 confusa.

626 2397 763 2432 Observ.
794 2403 829 2432 2.
894 2397 1056 2445 Cyaneam
1094 2409 1216 2431 roseam
1240 2395 1355 2443 (Quoy
1379 2402 1409 2429 et
1435 2393 1588 2429 Gaimard
1613 2391 1764 2442 Freycin.
1789 2394 1875 2442 Voy.

531 2466 618 2502 Zool.
655 2481 688 2516 p.
726 2474 806 2503 570.
838 2466 904 2502 tab.
927 2473 984 2502 85.
1010 2465 1064 2513 fig.
1095 2472 1126 2502 1.
1147 2472 1186 2509 2;
1212 2463 1368 2500 Eschsch.
1387 2463 1475 2513 Syst.
1500 2462 1532 2500 d.
1556 2461 1713 2511 Acaleph.
1738 2475 1771 2511 p.
1800 2466 1876 2512 72).
