2036 3125
262 737 354 786 Spec.
385 740 416 770 1.

281 1843 397 1893 ?Spec.
426 1851 458 1880 2.

890 382 945 390 .-
1004 357 1194 412 264-

468 474 516 511 vel
537 472 685 520 obliquas
711 470 918 506 transversim
938 465 1103 517 parallelas
1129 465 1175 501 vel
1198 465 1439 515 subparallelas‚
1461 467 1534 516 plus
1554 468 1698 503 minusve
1719 479 1821 503 remo-

471 556 518 582 tas
538 543 587 580 vel
607 542 773 579 distinctas
794 541 962 591 disposita.

813 650 846 695 a)
900 646 1028 694 Corpus
1047 642 1273 679 rotundatum.

468 732 496 767 E
504 742 523 767 C
534 742 558 767 Η
567 741 607 767 ΙΝ
614 740 638 765 U
646 741 663 766 S
689 731 951 766 chlorocentrolus
971 727 1035 763 Br.

568 811 696 860 Corpus
715 808 961 858 subglobosum‚
983 808 1191 857 depressum,
1216 806 1321 842 viride
1341 805 1389 842 vel
1409 804 1656 849 subviolascens‚
1678 813 1696 843 1
1713 828 1759 836 --
1777 809 1828 856 13⁰

472 883 642 919 diametro,
666 880 768 917 Areae
781 877 1098 917 interambulacrales
1111 878 1196 914 inter
1207 876 1613 913 ambulacrorum-ordines
1627 878 1829 928 approxima-

472 963 520 990 tos
535 952 646 989 obviae
658 966 715 988 seu
724 950 865 986 minores
878 948 1124 986 tuberculorum
1141 947 1284 984 seriebus
1296 946 1400 983 tribus
1415 947 1603 989 instructae,
1625 961 1765 995 quarum
1780 947 1827 983 in-

475 1025 573 1061 terior
593 1023 771 1060 tuberculis
797 1022 942 1058 minimis
969 1020 1204 1057 alternantibus
1230 1020 1367 1058 obsessa.
1403 1019 1506 1055 Areae
1519 1018 1831 1060 interambulacrales

473 1110 524 1132 res
542 1094 725 1131 minoribus
745 1092 848 1142 duplo
867 1092 1022 1141 majores,
1042 1090 1288 1127 tuberculorum
1309 1091 1451 1127 seriebus
1470 1105 1524 1127 sex
1544 1092 1730 1135 instructae,
1750 1106 1831 1140 quo-

473 1165 654 1213 majorum,
685 1165 744 1212 qui
769 1162 940 1210 utriusque
967 1161 1094 1197 dimidii
1113 1175 1202 1197 areae
1225 1160 1536 1197 interambulaeralis
1556 1162 1696 1198 mediam
1715 1164 1831 1199 seriem

476 1237 679 1273 constituunt
692 1235 842 1283 majores,
863 1234 923 1282 qui
938 1241 1045 1268 autem
1059 1232 1155 1268 series
1168 1233 1337 1269 exteriores
1352 1244 1553 1283 componunt
1566 1235 1731 1272 minimae.
1763 1237 1831 1272 Tu-

477 1305 606 1342 bercula
631 1305 754 1354 majora
774 1303 901 1340 modice
921 1302 1064 1346 evoluta,
1101 1301 1278 1338 tuberculis
1298 1303 1481 1339 minoribus
1501 1313 1532 1340 et
1550 1306 1700 1341 minimis
1720 1319 1832 1342 nume-

477 1377 557 1412 rosis
586 1376 700 1411 cincta.
757 1374 845 1410 Inter
871 1372 1134 1409 ambulacrorum
1157 1373 1253 1409 series
1279 1382 1473 1409 transversas
1499 1373 1665 1410 tubercula
1690 1373 1832 1411 solitaria

478 1447 526 1483 vel
546 1447 622 1482 bina
642 1444 691 1481 vel
710 1454 801 1481 terna
821 1446 947 1480 minora
968 1444 1014 1481 vel
1033 1444 1183 1481 minima.
1232 1445 1351 1494 Spinae
1371 1445 1504 1488 breves,
1523 1445 1657 1488 virides⁷
1677 1446 1833 1482 maximae

478 1524 499 1554 4
528 1517 686 1553 linearum
706 1515 947 1563 longitudinem
966 1516 1021 1551 vix
1041 1525 1248 1565 superantes,
1267 1515 1475 1557 latitudinem!
1491 1525 1599 1552 autem
1620 1516 1720 1552 lineae
1740 1516 1835 1552 dimi-

480 1588 552 1624 diae
579 1587 679 1636 partis
706 1595 891 1636 aequantes.
936 1586 1045 1621 Patria
1068 1587 1194 1633 ignota⁷
1224 1585 1331 1621 locum
1354 1586 1440 1621 enim
1466 1586 1603 1623 natalem
1637 1587 1833 1623 Mertensius

480 1672 545 1694 uon
566 1659 743 1695 annotavit.
789 1657 896 1694 Amic.
924 1657 1100 1693 Postelsius
1126 1657 1161 1693 in
1179 1657 1287 1693 Sitcha
1313 1668 1478 1707 repertum
1504 1672 1570 1694 esse
1595 1667 1699 1708 putat.

807 1762 830 1797 S
855 1775 872 1798 e
898 1777 914 1798 c
939 1764 1033 1799 tio
1068 1762 1154 1798 VIII.
1205 1762 1305 1798 Nob.

485 1844 678 1880 ECHINUS
697 1844 906 1880 tuberculatus
923 1842 1096 1880 Blainville
1115 1843 1283 1879 Dietionn.
1303 1843 1337 1879 d.
1357 1856 1402 1879 sc.
1424 1851 1487 1880 nat.
1507 1844 1547 1878 T.
1570 1850 1629 1879 57.
1650 1858 1682 1892 p.
1705 1851 1762 1880 90.

587 1925 677 1959 Num
690 1924 836 1960 Echinus
852 1923 1075 1960 tuberculatus
1089 1924 1221 1960 Lamck.
1235 1923 1344 1961 Anim.
1361 1939 1387 1960 s.
1403 1932 1480 1959 vert.
1494 1923 1534 1959 T.
1549 1923 1605 1959 ΙΙΙ.
1619 1937 1651 1972 p.
1665 1930 1758 1960 50.n.
1768 1924 1837 1960 29?

586 1999 765 2036 Blainvillii
792 1999 966 2048 descriptio
991 1999 1032 2035 ad
1064 1999 1203 2035 formam
1235 2013 1253 2035 a
1277 1997 1454 2034 Mertensio
1484 1997 1617 2033 relatam
1648 1997 1683 2032 in
1706 1998 1837 2033 univer-

483 2087 556 2108 sum
576 2072 729 2120 quadran,-
750 2071 908 2120 quamvis,
931 2084 1015 2119 quae
1035 2071 1075 2106 de
1095 2069 1247 2106 auriculis
1260 2070 1316 2112 ait,
1335 2069 1511 2118 specimina
1526 2077 1636 2104 nostra
1650 2082 1717 2104 non
1730 2077 1840 2104 osten-

483 2146 574 2181 dant.
638 2144 792 2193 Corporis
822 2143 979 2179 diameter
1007 2142 1328 2192 quinquepollicaris.
1390 2142 1493 2177 Areae
1520 2139 1840 2177 interambulacrales

484 2216 625 2251 minores
658 2213 902 2250 tuberculorum
937 2215 1097 2263 majorum
1129 2213 1271 2250 seriebus
1299 2213 1427 2250 duabus
1454 2212 1643 2254 instructae,
1679 2219 1838 2261 praeterea

486 2299 560 2320 vero
581 2284 675 2320 etiam
695 2283 773 2319 serie
792 2284 897 2319 media
917 2282 1057 2333 simplici
1076 2282 1319 2321 tuberculorum
1339 2283 1446 2319 minus
1465 2282 1667 2318 evolutorum
1685 2280 1837 2317 obsessae.

486 2356 601 2392 Aculei
621 2355 749 2393 lilaeini.
783 2355 983 2391 Aculeorum
1003 2355 1136 2392 maximi
1155 2355 1283 2391 circiter
1302 2353 1511 2404 bipollicares.

577 2438 721 2474 Patriam
739 2438 937 2473 Mertensius
955 2451 1022 2473 non
1042 2436 1159 2473 attulit.
