2036 3125
270 1879 363 1929 Spec.
393 1887 424 1919 1.

897 330 1198 373 -258—

584 445 710 494 Corpus
735 442 800 478 fere
822 441 1010 491 spithamae
1036 439 1259 489 longitudine,
1290 438 1406 490 pollice
1424 440 1518 478 latius
1538 457 1555 479 e
1575 443 1831 483 subolivascente

477 515 687 556 ochraceum,
707 513 803 548 dorso
823 512 1010 548 obscuriore
1030 510 1126 561 paulo
1147 511 1252 559 magis
1272 511 1314 547 ad
1332 511 1521 548 brunneum
1540 523 1701 562 vergente.
1727 515 1829 552 Pedes

480 586 612 623 sordide
639 584 842 620 lutescentes.
892 581 1071 620 Tentacula
1101 584 1231 632 corpori
1264 582 1437 620 concolora
1457 597 1495 620 ex
1515 582 1702 622 olivascente
1723 586 1829 622 fusco·

479 657 647 694 maculata.
699 656 747 692 Os
767 655 940 704 nigricans.

582 740 618 775 In
636 738 752 776 insulis
770 738 1077 776 Boninsimensibus
1096 738 1181 774 inter
1199 736 1334 788 lapides.

865 852 1236 891 11.APODES.

581 949 818 999 Respirationis
850 962 968 997 organa
1000 948 1091 985 haud
1117 947 1352 985 arborescentia
1383 947 1432 984 vel
1464 947 1763 985 subarborescentia
1781 949 1828 986 vel

479 1019 586 1064 nulla,
613 1020 741 1070 corpori
761 1019 945 1056 mesenterii
965 1033 1026 1069 ope
1045 1019 1180 1062 adnata,
1205 1032 1323 1068 parum
1344 1017 1482 1056 evoluta.

732 1111 777 1147 A.
824 1111 1360 1148 PNEUMoNoPnonA-ss.

584 1191 826 1242 Respirationis
847 1204 966 1240 organa
984 1191 1090 1227 obvia.

814 1289 871 1319 15.
898 1280 1015 1320 Genus.
1039 1283 1241 1319 LIOSOMA
1265 1283 1328 1320 Br.

584 1366 709 1416 Corpus
733 1365 968 1416 cylindricum,
1003 1378 1198 1409 convexum,
1227 1379 1345 1415 parum
1365 1364 1563 1414 elongatum.
1612 1366 1713 1403 Pedes
1732 1366 1824 1403 nulli.

472 1436 650 1472 Tentaeula
679 1442 723 1473 12
749 1435 877 1486 peltata.
899 1457 945 1465 —-
986 1435 1223 1485 Respirationis
1243 1448 1360 1483 organa
1380 1435 1658 1485 quinquepartita,
1676 1436 1833 1473 subarbo-

480 1507 655 1549 rescentia,
707 1506 886 1542 interstitiis
925 1507 1068 1555 corporis
1105 1505 1190 1541 inter
1227 1505 1390 1542 musculos
1423 1505 1676 1554 longitudinales
1712 1507 1833 1544 relictis

478 1576 659 1614 mesenterii
685 1590 747 1626 ope
772 1576 882 1613 affixa.
926 1575 1045 1612 Ovaria
1068 1590 1212 1619 ramosa,
1237 1575 1391 1612 oviductu
1415 1576 1621 1620 brevissimo,
1650 1577 1702 1614 vix
1726 1576 1805 1614 ullo.

584 1660 670 1696 Cum
695 1660 896 1696 Cucumariis
915 1674 972 1696 seu
992 1660 1210 1696 Pentastichis
1229 1659 1371 1696 affinitas
1390 1672 1523 1708 magna,
1549 1659 1711 1710 imprimis
1724 1667 1834 1695 autem

481 1745 555 1767 cum
580 1745 695 1780 genere
713 1731 914 1782 Aspidochir
940 1732 1037 1767 etiam
1063 1731 1152 1780 quod
1178 1731 1219 1767 ad
1244 1730 1457 1766 anatomicam
1483 1739 1695 1774 structuram,
1728 1729 1772 1765 ita
1798 1737 1835 1780 ut

478 1801 660 1838 Liosomata
679 1803 914 1852 Aspidochires
936 1802 1074 1852 pedibus
1093 1802 1207 1838 orbata
1226 1800 1358 1838 definire
1377 1814 1494 1851 posses.

474 1881 669 1919 LIOSOMA
688 1882 879 1920 Suchaense.
900 1882 965 1919 ΒΓ.

578 1972 870 2000 HOLOTHURIA
890 1978 924 1999 n.
950 1963 984 2000 6.
1011 1964 1095 2001 Mss.
1121 1964 1296 2001 Merlensii.

579 2044 705 2094 Corpus
725 2044 788 2080 scre
807 2044 1023 2094 pellucidum,
1042 2044 1159 2094 pallide
1180 2044 1325 2089 fuscum,
1345 2046 1472 2095 punctis
1491 2044 1605 2096 parvis,
1627 2044 1725 2093 nigris
1737 2073 1748 2091 ,
1769 2059 1828 2082 nu-

482 2115 632 2158 merosis,
659 2115 777 2163 sparsis
797 2115 975 2152 obsessum.
1025 2115 1210 2164 Longitudo
1233 2117 1290 2165 1}ss
1309 2124 1340 2152 ct
1358 2115 1453 2153 ultra.

580 2197 619 2232 In
638 2197 744 2233 Insula
763 2198 885 2235 Sitcha.

722 2298 778 2327 16.
816 2291 932 2330 Genus.
966 2292 1218 2329 CHIRIDOTA
1242 2292 1388 2329 Eschsclz.

589 2372 713 2423 Corpus
732 2372 897 2421 glabrum,
921 2373 1156 2425 cylindricum,
1181 2375 1275 2412 valde
1295 2374 1498 2423 elongatum,
1525 2375 1737 2412 vermiforme.
1775 2374 1833 2410 Pe-

483 2440 538 2479 des
558 2442 649 2480 nulli.
677 2442 853 2480 Tenmcula
877 2451 1019 2482 15—20
1041 2444 1232 2490 evolucrata,
1252 2446 1322 2482 basi
1341 2444 1531 2495 cylindrica,
1551 2445 1640 2495 apice
1658 2447 1692 2481 in
1711 2442 1831 2494 peltam
