2036 3125
788 336 844 345 ....
901 313 976 370 241
1038 338 1088 345 ..-

470 425 649 461 Observata
680 431 722 461 17
750 424 861 459 Martii
885 431 977 460 1828
999 423 1061 459 sub
1080 422 1263 459 latitudinis
1285 431 1329 461 12
1350 433 1380 461 et
1399 425 1616 475 longitudinis
1637 430 1721 466 occi-

365 495 505 533 dentalis
526 503 596 532 212
615 495 728 543 gradu,
749 495 838 530 haud
861 494 975 544 procul
993 495 1033 529 ab
1055 494 1171 530 Insulis
1191 495 1359 531 Marianis.

473 567 608 604 Observ.
635 567 662 601 A
682 565 818 611 Porpita
831 567 1012 613 glandfira
1025 567 1204 603 Lamarckii
1221 568 1283 616 (P.
1298 570 1526 604 mediterranea
1541 570 1722 622 Eschsclz.)‚

370 638 421 674 eui
447 637 569 680 affinis,
603 636 773 673 ientaculis
800 646 831 672 et
857 637 1105 685 proboscidibus
1133 638 1234 685 magis
1260 639 1410 675 confertis
1438 649 1468 676 et
1495 642 1727 677 numerosiori-

369 709 447 752 bus,
474 718 551 744 testa
578 723 674 758 supra
701 722 835 758 cyanea,
861 709 1011 744 brunneo
1038 709 1178 752 radiata,
1204 724 1261 745 nec
1289 724 1354 745 non
1382 712 1607 759 magnitudine
1620 714 1727 750 multo

369 780 488 828 majore
525 780 660 816 diversa.
686 801 736 807 —-
786 779 925 825 Porpz'la
957 781 1102 815 coerulea
1141 780 1298 819 Eschsch,
1325 781 1437 818 habitu
1464 784 1576 820 statim
1602 785 1728 830 differt,

370 850 463 886 sicuti
490 851 629 900 reliquae
655 851 805 900 Porpitae
834 852 874 887 ab
902 851 1145 888 Eschschohzio
1170 853 1361 903 descriptae.

784 923 810 958 S
838 937 853 957 e
880 937 895 957 c
923 932 935 958 t
962 923 969 957 i
998 938 1017 957 o
1064 930 1095 959 2.

467 992 680 1028 Proboscides
712 1001 811 1028 totam
839 992 1025 1028 inferiorem
1053 994 1196 1043 corporis
1224 994 1337 1030 faciem
1363 996 1436 1044 plus
1462 999 1610 1038 minusve
1636 1003 1728 1042 obte-

370 1071 488 1109 gentes.

162 1132 255 1183 SpeC.
283 1139 316 1170 2.
368 1133 566 1169 PORPITA
591 1132 763 1169 Liillseana
784 1129 859 1171 Br.⁴

475 1205 673 1241 pomum
699 1220 730 1241 n.
752 1212 784 1242 2.
806 1206 888 1241 Mss.
916 1204 1094 1242 Merlensiz’.

472 1276 559 1312 Disci
571 1276 710 1325 depressi
723 1277 880 1312 diameter
889 1282 926 1325 2}
938 1277 1107 1325 pollicum,
1116 1277 1204 1313 color
1215 1278 1353 1322 albidus,
1362 1282 1467 1317 taenia
1480 1298 1598 1333 cyanea
1606 1288 1731 1324 medio-

377 1347 431 1384 cri.
448 1346 624 1382 Tentacula
639 1346 756 1382 clavata
767 1349 1479 1396 numerosissima,confertissima,utvidetur,
1491 1359 1731 1398 novemseriata.

472 1419 509 1453 In
536 1419 667 1454 Oceano
693 1420 755 1454 sub
781 1426 828 1455 52
848 1419 1029 1455 latitudinis
1045 1421 1193 1456 australis
1213 1430 1244 1456 et
1262 1421 1475 1470 longitud-nis
1499 1434 1545 1462 52
1568 1428 1731 1466 orientalis

377 1490 481 1538 gradu
508 1489 597 1525 haud
623 1489 735 1538 procul
760 1504 777 1525 a
798 1490 900 1539 capite
920 1492 1030 1527 Bonae
1055 1491 1123 1541 spei
1151 1499 1195 1528 31
1233 1493 1355 1530 Martio
1387 1504 1418 1531 et
1452 1503 1469 1532 1
1504 1507 1535 1533 et
1567 1506 1589 1535 2
1622 1501 1731 1550 Aprili

375 1561 451 1596 anni
481 1568 573 1597 1829
600 1560 860 1609 frequentissime
880 1562 1056 1598 observata.

473 1631 682 1680 Porpitarum
710 1631 775 1667 huc
801 1647 901 1681 usque
928 1633 1127 1669 dctectarum
1155 1635 1294 1671 maxima
1321 1646 1351 1672 et
1376 1637 1608 1687 pulcherrirna,
1633 1656 1733 1692 quam

377 1703 456 1738 Viro
481 1702 694 1738 Nobilissimo
720 1703 759 1738 de
784 1704 905 1746 Lfflke,
931 1704 1103 1740 Nax-archo
1131 1706 1347 1742 Celeberrimo
1374 1708 1482 1745 dicare
1508 1710 1608 1749 liceat.

473 1773 610 1810 Observ.
631 1774 768 1819 Porpila
787 1774 957 1811 Liilkeana
977 1776 1134 1821 Porpe'lae
1150 1781 1323 1823 giganleae
1343 1793 1360 1814 a
1378 1779 1515 1816 Peronio
1537 1793 1567 1818 et
1582 1785 1731 1825 [esuerio

378 1845 559 1894 pr0p03itae
580 1854 610 1880 et
639 1846 740 1894 (Voy.
767 1860 829 1881 aux
856 1855 953 1882 terres
980 1857 1080 1883 austr.
1110 1849 1174 1885 tab.
1203 1855 1260 1885 51.
1286 1849 1340 1898 fig.
1363 1853 1414 1900 6.)
1442 1852 1617 1890 delineatae
1643 1859 1732 1905 quod

378 1916 417 1951 ad
456 1916 533 1951 disci
572 1916 710 1952 sormam
741 1926 772 1952 et
798 1917 990 1953 diametrum
1019 1918 1196 1955 simillima.
1261 1920 1338 1967 Qua
1364 1922 1404 1957 de
1430 1937 1523 1960 causa
1551 1927 1647 1963 ctiam
1673 1942 1733 1977 pro

377 2000 441 2021 una
481 1987 657 2036 eademque
689 1989 792 2036 specie
824 1989 1005 2025 statuissem
1040 1990 1098 2025 nisi
1134 1990 1191 2025 alia
1224 1991 1316 2039 signa
1349 2003 1508 2032 vetarent.
1568 1999 1604 2033 In
1631 1999 1734 2047 figura

378 2057 568 2092 Lesueriana
601 2059 687 2093 enim
721 2058 840 2095 limbus
871 2060 948 2096 disci
978 2061 1119 2108 margine
1146 2061 1255 2104 albus,
1296 2065 1451 2100 tentacula
1479 2082 1538 2116 pro
1564 2068 1658 2105 limbi
1683 2086 1734 2107 ra-

378 2127 464 2163 tione
504 2128 607 2164 multo
639 2129 786 2166 breviora
820 2141 851 2167 et
892 2132 924 2167 in
957 2133 1143 2168 universum
1172 2133 1274 2169 multo
1302 2135 1411 2171 minus
1439 2152 1626 2183 numerosa,
1664 2143 1733 2183 basi

382 2213 559 2248 purpurea,
599 2215 696 2249 porro
728 2202 936 2250 proboscides
976 2204 1079 2240 multo
1112 2204 1269 2240 acutiores
1301 2215 1330 2241 et
1361 2207 1424 2243 oris
1458 2210 1618 2246 ambitum
1644 2212 1734 2249 haud

382 2280 584 2319 occupantes.
637 2271 691 2308 Ol)
718 2274 845 2309 easdem
872 2275 936 2311 sere
963 2290 1072 2311 causas
1099 2276 1236 2321 Porpz'la
1257 2282 1397 2325 pacfica
1414 2280 1556 2316 Lessonii
1578 2283 1732 2333 (Duperr,

383 2340 469 2389 Voy.
500 2343 623 2392 Zooph.
656 2358 688 2378 n.
719 2352 748 2380 7.
778 2344 832 2393 fig.
863 2349 929 2393 5.),
970 2347 1126 2392 Porpilae
1154 2352 1328 2395 giganteae
1354 2349 1456 2385 multo
1476 2351 1621 2395 affinior,
1658 2369 1732 2391 cum

384 2410 518 2456 Porpila
536 2411 704 2450 sz'tkeana
731 2415 818 2451 haud
845 2418 1066 2465 conjungenda
1094 2419 1232 2455 videtur.

817 2506 1085 2524 ——QQQ—

1472 2539 1523 2580 33
