2036 3125
749 915 1243 962 PRAEFATIO.

207 1055 283 1114 Ex
312 1071 414 1114 orbis
442 1081 634 1112 terrarum
656 1071 1055 1130 circumnavigatione
1079 1075 1328 1130 Imperatoris
1355 1076 1459 1131 jussu
1482 1077 1578 1119 (luce
1609 1080 1777 1122 Nobilis-

207 1148 312 1189 simo
332 1157 447 1205 atque
468 1148 733 1189 lllustrissimo
754 1150 898 1190 Liitkio
920 1150 1094 1192 instituta
1115 1167 1199 1191 non
1215 1151 1342 1192 solum
1358 1153 1606 1210 geographia,
1626 1158 1779 1199 nautice

209 1236 245 1267 et
265 1226 488 1283 plantarum
510 1225 706 1283 cognitio,
731 1226 797 1266 sed
820 1226 936 1267 etiam
958 1228 1129 1285 zoologia
1153 1229 1319 1269 maxima
1343 1230 1444 1286 cepit
1467 1231 1723 1275 incrementa.

319 1302 435 1355 Quod
453 1302 498 1342 ad
514 1302 729 1358 zoologiam
746 1302 947 1358 hucusque
964 1313 1115 1344 tantum
1129 1304 1420 1346 observationes
1436 1316 1472 1347 et
1487 1308 1779 1366 descriptiones,

208 1395 303 1435 quas
326 1379 604 1419 Nobilissimus
623 1377 838 1419 Kittlilzius
860 1380 906 1420 de
927 1381 1061 1421 avibus
1078 1382 1118 1421 in
1136 1381 1268 1431 Chile‚
1291 1382 1332 1423 in
1350 1383 1490 1424 Insulis
1500 1386 1779 1429 Boninsimen-

208 1456 332 1504 sibus,
361 1454 681 1497 Carolinensibus
704 1464 741 1495 et
759 1456 974 1506 Marianis,
1001 1467 1117 1514 atque
1143 1459 1184 1499 in
1209 1460 1340 1500 Insula
1366 1462 1539 1502 Luconia
1568 1463 1779 1507 observatis

210 1534 253 1575 in
268 1533 505 1576 Academiae
526 1540 682 1572 nostrae
691 1531 1244 1589 Commentariis(Me'moires
1258 1536 1391 1578 d.Sav.
1402 1541 1551 1595 e'trang.
1563 1539 1610 1579 T.
1624 1541 1652 1581 Ι.
1664 1541 1780 1595 etll.)

213 1612 269 1653 vel
295 1612 337 1652 in
362 1610 446 1650 aliis
465 1608 618 1664 scriptis
639 1609 963 1660 communicavit,
993 1627 1065 1652 nec
1086 1628 1170 1652 non
1191 1621 1377 1654 tractatus
1398 1630 1418 1654 a
1441 1613 1540 1655 beat.
1565 1616 1779 1658 Mertensio

209 1688 256 1728 de
282 1685 538 1742 Oicopleura‚
565 1685 612 1725 de
638 1684 829 1726 Planariis
855 1695 892 1726 et
914 1687 1144 1728 Beroidibus
1166 1689 1371 1745 compositi
1393 1690 1474 1745 pari
1495 1691 1613 1732 modo
1633 1693 1781 1735 Acade-

210 1768 311 1809 miae
331 1775 488 1807 nostrae
511 1765 813 1805 Commentariis
836 1767 1068 1820 (Mc'moires
1089 1767 1137 1809 de
1154 1764 1297 1809 l'Acad.
1318 1770 1458 1826 Impe'r.
1475 1770 1512 1812 d.
1530 1772 1588 1813 St.
1606 1772 1779 1814 Petersb.

211 1845 315 1886 VIme
336 1843 443 1885 serie
464 1843 514 1884 T.
536 1843 565 1883 I.
587 1851 624 1883 et
645 1842 715 1895 ll.)
737 1842 868 1882 inserti
892 1843 933 1883 in
955 1843 1155 1900 publicum
1177 1845 1418 1901 prodierunt.
1468 1847 1629 1888 Restant
1649 1858 1781 1891 autem

213 1921 340 1963 adhuc
367 1928 518 1977 praeter
544 1917 695 1958 labores
723 1917 771 1958 ab
799 1918 857 1958 Ill.
884 1928 922 1959 et
948 1920 1078 1961 Nobil.
1113 1921 1306 1962 Kittlitzio
1332 1937 1474 1979 magna
1507 1939 1549 1963 ex
1577 1933 1684 1979 parte
1704 1925 1782 1980 jam

212 2006 428 2038 transactos
445 2005 485 2035 et
506 2011 594 2035 mox
616 1995 888 2051 expectandos,
910 1997 1076 2037 maxima
1091 1997 1408 2038 observationum
1430 2015 1518 2055 pars
1532 2016 1551 2040 a
1567 2000 1782 2043 Mertensio

214 2073 417 2120 saetarum,
446 2089 611 2129 quarum
633 2072 936 2128 publicationem
958 2084 1200 2130 praematura
1224 2076 1303 2131 ejus
1323 2091 1428 2116 mors
1450 2076 1668 2132 impedivit,
1690 2094 1786 2134 qua-

215 2165 379 2206 rumque
410 2149 526 2190 editio
558 2150 634 2204 jam
656 2149 732 2189 fine
754 2149 847 2190 anni
873 2150 971 2191 1831
997 2151 1045 2191 ab
1066 2151 1283 2192 Academia
1305 2151 1402 2192 mihi
1424 2161 1480 2193 est
1500 2153 1721 2195 commissa.

352 2226 483 2279 Quum
515 2242 603 2266 vero
634 2225 720 2266 libri
742 2226 925 2267 nonnulli
946 2227 1120 2269 ulteriori
1142 2228 1397 2269 elaborationi
1419 2229 1623 2269 necessarii
1645 2229 1784 2271 biblio-2

217 2301 353 2342 thecae
375 2310 528 2342 nostrae
549 2302 758 2343 deficerent
780 2312 816 2343 et
837 2319 936 2359 opus
958 2304 1200 2361 zoologicum
1220 2305 1262 2345 in
1281 2304 1498 2346 Germania
1518 2306 1718 2362 inceptum
1734 2307 1784 2348 ad

214 2378 333 2419 finem
360 2378 650 2432 perducendum
677 2389 774 2420 esset
800 2395 879 2436 quo
905 2397 967 2422 me
987 2381 1193 2423 honorarit
1215 2381 1372 2439 negotio
1394 2382 1602 2424 Academia
1623 2399 1784 2425 omnem

216 2468 375 2509 operam
395 2452 620 2510 impendere
641 2456 772 2497 statim
793 2473 876 2498 non
897 2458 1018 2514 potui.
1075 2481 1077 2485 ⁴

1501 2535 1576 2576 28*
