2036 3125
304 1775 397 1824 Spec.
426 1781 458 1810 1.

918 360 1222 414 ...248-

605 477 644 512 In
663 473 773 511 Insula
792 472 913 508 Sitcha.

607 548 746 582 Ooserv.
772 545 808 581 A
835 543 981 579 Cuvieria
1006 547 1173 589 squamata
1200 537 1416 588 (Holothurz‘a
1440 548 1603 588 squamata
1630 542 1725 579 Auct.
1752 542 1848 580 Mnll,

503 618 584 655 zool.
618 618 694 652 dan.
715 617 758 652 X.
783 622 817 656 1.,
840 622 878 656 2,
900 617 963 661 5.),
996 612 1048 648 cui
1069 612 1184 647 habitu
1204 611 1326 655 affinis,
1347 610 1468 656 colore,
1488 612 1710 659 magnitudine
1729 621 1760 649 et
1779 622 1849 649 ten-

505 689 684 726 taculoruin
711 700 846 722 numero
867 686 1004 720 diversa.

805 767 843 815 b)
892 763 1375 801 APNEUMONES.

604 848 838 898 Respirationis
858 861 975 895 organa
996 846 1095 883 nulla.

770 925 801 954 7.
832 917 947 953 Genus.
974 916 1286 952 ONCINOLABES
1313 916 1376 952 ΒΓ.

608 992 734 1040 Corpus
760 988 936 1024 admodum
969 987 1171 1035 elongatum,
1215 986 1447 1038 cylindricum,
1481 987 1599 1038 postice
1624 988 1855 1032 acuminatum,

505 1062 673 1112 superficie
706 1070 771 1096 tota
806 1059 945 1095 hamulis
966 1059 1105 1094 recurvis
1125 1061 1300 1094 munitum.
1352 1059 1452 1095 Pedes
1479 1060 1659 1102 numerosi,
1680 1059 1857 1095 admodum

502 1134 640 1178 evoluti,
661 1132 747 1167 vittis
767 1131 911 1180 quinque
929 1131 969 1165 ab
992 1144 1045 1165 ore
1066 1131 1105 1165 ad
1126 1144 1223 1165 anum
1243 1144 1343 1178 usque
1363 1131 1536 1179 porrectis,
1557 1130 1730 1179 parallelis,
1750 1131 1859 1180 acqui-

509 1204 705 1239 distantibus
726 1201 879 1249 impesiti.
905 1200 1082 1235 Tentacuta
1105 1200 1406 1247 oblongo-linearia,
1427 1201 1543 1250 pagina
1564 1202 1712 1237 interiore
1733 1201 1855 1250 glabra,

509 1276 625 1325 pagina
645 1273 800 1308 exteriore
821 1271 966 1306 vesicnlis
986 1270 1105 1319 pedum
1128 1271 1265 1305 formam
1284 1271 1512 1307 exhibentibus
1526 1273 1665 1309 obsessa.
1681 1295 1726 1301 --
1755 1272 1858 1320 (Ova-

509 1347 596 1382 rium
616 1344 736 1393 duplex
749 1373 756 1385 ,
775 1343 873 1377 ramis
893 1342 1070 1377 admodum
1092 1341 1228 1388 divisis).

616 1416 753 1451 Observ.
788 1414 899 1449 Genus
925 1412 1072 1461 Synaplis
1091 1413 1235 1461 corporis
1256 1421 1285 1448 et
1305 1411 1541 1448 tentaculorum
1560 1414 1662 1448 forma
1679 1442 1687 1456 ‚
1717 1428 1774 1449 nec
1793 1427 1860 1450 non

510 1502 670 1524 uncorum
692 1495 900 1534 cutaneorum
923 1484 1099 1533 praesentia
1120 1494 1304 1531 cognatum,
1324 1485 1377 1520 sed
1393 1485 1531 1534 pedibus
1544 1484 1679 1520 evolutis
1690 1484 1865 1522 diversum.

513 1559 667 1595 Assiiiitas
701 1572 775 1593 cum
809 1558 1010 1592 Cacumariis
1038 1556 1080 1590 ob
1106 1555 1226 1604 pedum
1247 1555 1489 1604 dispositionem
1508 1555 1766 1605 quinquefariam
1793 1555 1863 1604 pari

476 1666 478 1669 ,
513 1630 612 1666 modo
646 1628 733 1663 haud
762 1627 923 1674 neganda,
955 1627 998 1662 ita
1026 1635 1061 1661 ut
1081 1624 1285 1661 Oncinolabes
1304 1626 1395 1676 quasi
1415 1640 1516 1674 genus
1535 1625 1680 1661 medium
1700 1626 1784 1661 inter
1801 1625 1863 1673 Sy-

514 1708 626 1746 παρίω
646 1710 673 1735 et
701 1699 908 1735 Cncumarz'as
925 1698 1047 1733 sistant.

513 1774 543 1808 O
551 1784 571 1808 N
582 1783 601 1807 c
610 1783 621 1806 1
629 1784 649 1807 x
660 1783 682 1806 o
691 1782 742 1806 LA
750 1783 771 1805 n
781 1782 800 1805 r„
811 1782 827 1805 s
840 1773 1022 1817 susc-escens
1042 1769 1103 1805 Br.

621 1845 918 1879 HorornrmA
938 1857 971 1877 n.
994 1848 1050 1878 12.
1077 1842 1157 1877 Mss.
1187 1841 1366 1889 Illerleasii.

613 1914 741 1961 Corpus
760 1912 916 1955 solidum7
937 1912 1092 1960 tripedale
1113 1920 1142 1947 et
1164 1910 1264 1954 ultra,
1291 1910 1413 1959 pollicis
1434 1910 1556 1946 circiter
1575 1909 1727 1952 crassitie,
1749 1922 1765 1944 e
1783 1909 1864 1945 sub-

516 1984 700 2019 flavescente
722 1983 863 2025 fuscum,
903 1982 1037 2017 maculis
1058 1981 1220 2023 rotundis,
1254 1980 1610 2028 fusco-nigricantibus‚
1640 1979 1724 2014 inter
1743 1978 1863 2027 pedum

517 2054 643 2089 ordines
663 2053 785 2088 seriatis
806 2062 964 2088 notatum.
1014 2052 1115 2087 Pedes
1136 2051 1351 2087 olivascentes.
1396 2049 1570 2085 Teiitacula
1592 2048 1776 2098 quindecim
1797 2045 1863 2097 pal-

516 2124 579 2160 lide
607 2126 823 2161 suscescentia.
877 2123 1010 2159 Hamuli
1032 2124 1125 2158 eiiam
1146 2123 1241 2158 nudis
1262 2122 1362 2158 oculis
1382 2122 1536 2158 distincti.

622 2197 660 2230 ln
681 2195 789 2231 Insula
810 2194 913 2230 Ualau
939 2193 1150 2243 Areliipelagi
1178 2193 1402 2229 Carolinensis.

618 2268 751 2303 Observ.
785 2268 913 2316 Species
945 2267 1043 2302 modo
1073 2266 1235 2314 descripta
1267 2265 1471 2300 Holollmriae
1506 2263 1684 2298 maculatae
1715 2258 1864 2296 Chamis-

516 2338 605 2373 sonis
637 2338 733 2386 (Aeta
767 2336 1100 2387 Caesareo-Leopold.
1143 2337 1183 2372 T.
1216 2338 1260 2371 X.
1290 2350 1323 2385 p.
1344 2341 1426 2371 352.
1453 2335 1519 2370 tab.
1545 2334 1676 2383 XXV.)
1700 2333 1733 2368 in
1752 2329 1866 2367 Insulis

524 2409 654 2445 Radack
674 2410 866 2454 observatae,
887 2419 917 2445 et
935 2424 952 2444 a
974 2410 1106 2458 Jaegero
1121 2423 1154 2458 p.
1172 2415 1226 2444 15.
1242 2408 1321 2443 duce
1334 2405 1576 2442 Eschscholtzio
1594 2403 1702 2453 (Atlas
1716 2401 1798 2437 Tab.
1814 2400 1864 2436 X.

521 2494 555 2528 p.
578 2483 650 2529 12.)
674 2480 712 2515 ad
734 2479 895 2531 Synaptas
922 2480 1053 2523 relatae,
1086 2479 1174 2515 valde
1194 2477 1316 2520 affinis,
1342 2475 1403 2512 nisi
1423 2475 1531 2511 forsan
1547 2474 1628 2509 adeo
1647 2473 1687 2508 ab
1707 2485 1742 2507 ea
1761 2468 1866 2520 specie
