2036 3125
873 336 1175 379 —262—

445 454 625 503 nigricante
655 450 802 493 fuscum,
834 448 973 486 verrucis
992 446 1252 484 subreticulatim
1271 447 1402 497 positis,
1424 446 1458 483 in
1477 447 1635 485 anteriore
1654 447 1796 498 corporis

448 532 539 573 parte
561 521 744 559 minoribus
759 529 894 557 tectum.

546 603 584 639 ln
602 601 709 639 Insula
728 600 833 637 Ualan
853 599 1063 651 Archipelagi
1082 599 1306 636 Carolinensis.

243 688 365 741 ?Spec.
384 694 418 725 3.
449 687 725 723 &Portemus
742 685 909 732 ambiguus
933 683 996 721 Br.

546 768 681 804 Praeter
698 766 817 816 species
836 765 916 801 duas
934 765 1033 801 modo
1050 763 1160 800 allatas
1179 763 1263 799 inter
1275 763 1493 799 Mertensiana
1511 763 1664 800 animalia
1681 762 1804 813 liquore

449 847 572 876 servata
603 837 714 873 tertiae
746 835 864 886 speciei
888 834 1095 872 individuum
1115 833 1269 886 reperio,v
1288 834 1379 883 cujus
1398 833 1500 882 patria
1521 846 1587 870 non
1606 842 1741 870 constat.
1759 855 1803 864 —

453 911 580 959 Corpus
599 909 628 945 ei
647 916 695 944 est
720 906 925 955 elongatum,
946 911 1043 954 2{····
1057 904 1222 955 pollinam,
1253 905 1411 947 verrucis,
1430 904 1559 954 sparsis,
1578 904 1806 952 frequentiori·

450 983 512 1018 bus
523 1007 534 1025 ‚
564 979 662 1030 paulo
693 979 873 1029 majoribus
899 986 995 1028 atque
1019 977 1227 1014 densioribus
1246 990 1346 1025 quam
1365 975 1399 1011 in
1417 974 1583 1019 sipunculo
1601 974 1808 1024 nordfhlcensi

454 1060 584 1088 tectum.
624 1050 752 1099 Corpus
772 1048 941 1097 gracilius,
961 1061 1059 1096 quam
1079 1048 1116 1083 in
1134 1046 1302 1093 Sipunculo
1319 1046 1536 1095 nordfolcenst'.

753 1152 893 1188 Familia
924 1152 1294 1186 THALASSEMATA.

651 1231 719 1268 Les
741 1230 961 1267 Thalasskmes
989 1229 1069 1266 Cuv.

549 1322 792 1358 Thalassemata
821 1323 949 1358 interna
973 1318 1146 1358 'structura
1171 1335 1247 1358 cum
1265 1320 1453 1371 sipunculis
1472 1322 1561 1357 haud
1579 1336 1710 1373 parvam
1729 1321 1809 1359 offe-

453 1403 533 1430 runt
551 1392 818 1437 similitudinem,
836 1395 881 1431 ita
901 1402 938 1430 ut
957 1407 1018 1444 pro
1038 1393 1197 1433 hodierna
1216 1392 1397 1441 cognitione
1412 1391 1683 1430 Holothuniarum
1703 1393 1809 1430 ordini

455 1464 714 1502 adnumerarem.

800 1566 920 1604 Genus.
945 1567 1171 1603 Ecmmzos
1197 1564 1279 1603 Cur.

553 1649 707 1699 Corporis
727 1648 885 1699 posterior
903 1662 979 1698 pars
997 1646 1200 1698 spinularum
1220 1645 1389 1685 ordinibus
1409 1645 1539 1683 duobus
1558 1647 1669 1684 cincta.

247 1731 341 1781 Spec.
371 1738 400 1768 1.
452 1730 678 1767 ECHIURUS
702 1730 891 1768 SzYclmensis
912 1729 973 1766 ΒΓ.

554 1811 857 1848 THALAssEMA
874 1826 906 1847 n.
929 1817 962 1848 1.
981 1811 1066 1847 Mss.
1087 1810 1260 1846 Mertensz'i.

556 1893 683 1942 Corpus
703 1893 830 1930 circiter
849 1893 1043 1944 tripossicare
1063 1892 1260 1942 oblongum,
1280 1906 1297 1929 e
1315 1892 1528 1929 subbrunneo
1548 1891 1736 1934 olivaeeum‚
1756 1891 1813 1927 ob-

458 1963 583 2000 scurius
610 1972 804 2013 punctatum
823 1973 854 2000 et
872 1963 1078 2000 transversim
1096 1963 1260 2000 striatum.
1302 1963 1472 1999 Proboscis
1491 1961 1670 2004 latiuscula‚
1688 1974 1813 2004 carnea,

458 2035 663 2070 transversim
694 2049 861 2085 purpureo
887 2036 1018 2079 stm'ata,
1052 2035 1144 2084 apice
1173 2034 1384 2083 emarginata.
1438 2032 1616 2082 Unguieuli
1645 2031 1813 2069 anterioris

460 2107 602 2154 corporis
621 2107 720 2155 partis
747 2116 779 2143 et
797 2106 943 2156 spinulae
962 2105 1146 2155 posterioris
1165 2104 1262 2142 lutea.

575 2187 611 2223 In
632 2188 757 2226 Insulae
774 2189 905 2226 Sitchae
926 2187 1088 2224 litoribus,
