2036 3125
926 358 1227 401 -238—

614 470 727 506 Vesica
747 468 831 512 alba,
850 468 1109 517 oblonga-ovata,
1131 470 1227 506 crista
1247 470 1413 514 destituta,
1434 472 1495 521 pisi
1515 474 1747 522 magnitudine.
1781 476 1865 512 Ten-

509 540 611 577 nacula
632 548 667 577 2.
717 540 833 576 Discus
846 569 854 583 ,
873 540 1033 577 tentacula
1053 549 1084 576 et
1104 540 1211 577 tubuli
1229 542 1362 578 suctorii
1381 556 1510 593 cyanea.

612 612 651 647 In
671 612 802 647 Oceano
821 611 972 648 atlantico
991 612 1054 648 sub
1074 611 1257 649 latitudinis
1275 613 1418 649 secundo
1437 622 1468 649 et
1487 612 1696 662 longitudinis
1716 617 1862 653 occiden-

509 682 580 719 talis
601 690 645 720 28
667 682 769 731 gradu
790 682 884 732 plura
902 683 1078 733 specimina
1098 684 1181 734 cepit
1199 684 1405 722 Mertensius.

758 768 901 804 Familia
926 769 957 802 V
964 778 986 803 E
994 779 1042 803 LE
1050 779 1070 803 ι
1077 779 1116 803 11
1124 778 1178 803 ΒΑ
1185 779 1221 805 Ε.
1249 767 1285 802 Ε
1286 770 1406 804 schscle.

605 837 731 886 Corpus
746 837 947 885 depressum,
969 845 1049 874 testa
1064 837 1265 886 cartilaginea
1278 838 1327 874 vel
1338 838 1476 876 calcarea
1490 838 1620 876 cellulas
1633 842 1703 876 aere
1717 840 1863 890 impletas

508 908 692 944 continente
712 907 917 944 instructum.

791 978 984 1029 Szcffamilzh
1004 982 1227 1016 VELELLIN
1239 990 1292 1016 ΑΕ
1312 981 1376 1017 Br.

606 1054 733 1103 Corpus
754 1065 851 1101 supra
872 1052 1056 1094 cristatum,
1075 1060 1157 1087 testa
1177 1051 1380 1100 cartilaginea
1400 1051 1580 1089 munitum.

606 1123 689 1160 Gen.
732 1119 861 1159 Velella
886 1122 1006 1158 Lamk.
1026 1128 1058 1157 cl
1081 1122 1230 1159 Rataria.
1252 1122 1402 1158 Eschsch.

821 1192 928 1229 Genus
947 1193 978 1227 V
985 1202 1007 1227 E
1014 1202 1034 1227 L
1041 1202 1063 1226 E
1070 1202 1117 1227 LL
1125 1202 1151 1227 A
1171 1192 1349 1228 Lamarck.

601 1265 730 1312 Corpus
743 1263 817 1312 plus
831 1261 977 1297 minusve
992 1261 1189 1309 elongatum,
1202 1262 1405 1311 depressum,
1425 1275 1524 1311 supra
1537 1262 1630 1298 crista
1645 1263 1857 1311 cartilaginea,

505 1338 695 1375 membrana
731 1335 914 1373 musculosa
951 1335 1054 1371 cincta
1065 1364 1073 1377 ,
1104 1334 1317 1383 diagonaliter
1347 1344 1445 1371 testae
1466 1336 1629 1386 imposita.
1679 1337 1854 1374 Tentacula

505 1408 693 1457 marginalia
713 1406 882 1456 simplicia.

772 1499 873 1537 Seclio
910 1499 1290 1535 ARISTERODEXIA
1328 1497 1392 1534 ΒΓ.

867 1579 891 1615 S
905 1594 921 1617 e
935 1595 951 1616 c
964 1580 1033 1616 tio
1068 1587 1100 1617 1.
1131 1580 1286 1616 Eschsch.

603 1653 706 1688 Crista
727 1661 757 1688 et
776 1660 871 1694 testa,
905 1651 930 1686 si
963 1650 1100 1686 laterum
1121 1650 1307 1699 longiorum
1327 1664 1433 1686 unum
1453 1651 1648 1687 observatori
1668 1650 1856 1693 advertitur,

502 1725 542 1760 ab
576 1723 693 1771 angulo
727 1721 886 1758 anteriore
918 1720 1040 1758 sinistri
1074 1720 1181 1758 lateris
1211 1735 1320 1757 versus
1340 1720 1498 1770 angulum
1525 1721 1731 1771 posteriorem
1752 1721 1855 1757 dextri

503 1794 610 1830 lateris
630 1794 807 1842 directaffi.

296 1868 387 1916 Spec.
417 1874 447 1902 1.
498 1867 704 1901 Vnum
720 1865 883 1909 palellarz‘s
902 1863 966 1899 Br.

607 1937 815 1971 vnn-:Lm
840 1949 871 1971 n.
891 1942 926 1971 2.
945 1935 1027 1971 Mss.
1046 1934 1222 1970 Merlensii.

606 2007 735 2056 Corpus
747 2005 1130 2054 oblongo-rotundatum,
1150 2003 1283 2054 patellae
1296 2005 1433 2041 sormam
1443 2003 1686 2053 quodammodo
1703 2002 1853 2045 reserens.

504 2077 604 2113 limbo
631 2086 727 2113 testae
752 2077 877 2125 integro
899 2075 1019 2113 albido.
1059 2076 1257 2113 Membrana
1271 2083 1383 2112 testam
1399 2074 1564 2111 obducens
1576 2073 1695 2124 pallide
1709 2073 1852 2110 coerulea

423 2205 455 2239 ῆι)
475 2203 678 2231 Esehschotizius
705 2203 880 2232 characterem
907 2215 921 2231 a
943 2209 1019 2231 testae
1044 2205 1181 2231 directione
1206 2205 1330 2238 desumit,
1356 2203 1473 2240 equidem
1494 2213 1507 2229 a
1527 2202 1574 2229 veli
1598 2203 1646 2229 situ
1671 2202 1851 2238 depromptum

476 2252 647 2288 praeferrem,
678 2262 760 2287 quum
781 2253 843 2285 veli,
872 2259 959 2288 utpote
988 2253 1065 2288 partis
1086 2253 1254 2288 prominentis
1272 2253 1332 2278 situs
1351 2252 1490 2278 distinctior
1510 2251 1548 2278 sit.
1594 2252 1729 2277 Praeterea
1749 2260 1851 2285 quoque

475 2300 577 2333 velum,
597 2300 712 2335 quamvis
730 2301 760 2326 sit
778 2306 854 2326 testae
867 2300 1030 2337 diagonaliter
1049 2301 1076 2326 in
1095 2300 1200 2326 Velellis
1219 2300 1373 2336 impositum,
1394 2309 1473 2325 unam
1492 2299 1654 2334 eandemque
1673 2305 1764 2329 tamen*
1772 2309 1850 2334 quam

475 2353 538 2373 testa
565 2347 641 2373 offert
669 2348 835 2373 directionem
867 2359 953 2374 versus
980 2348 1106 2374 sinistram
1136 2348 1168 2374 ad
1192 2348 1309 2374 dextram
1336 2347 1374 2373 vel
1402 2357 1488 2372 versus
1514 2346 1631 2372 dextram
1656 2347 1687 2373 ad
1713 2346 1847 2372 sinistram.

477 2395 628 2421 Notandum
653 2401 769 2421 ceterum
789 2401 838 2428 est,
867 2396 914 2421 veli
945 2396 1110 2422 directionem
1146 2396 1217 2431 signa
1244 2395 1392 2426 constantia,
1426 2400 1454 2420 ut
1479 2393 1593 2426 videtur,
1622 2394 1744 2429 praebere
1769 2402 1849 2427 posse,

476 2449 510 2468 45
540 2443 608 2468 enim
638 2443 775 2477 specimina
796 2443 907 2468 Velellae
931 2444 1090 2478 oxyotliones
1115 2453 1128 2470 a
1155 2443 1297 2469 Mei-tensio
1321 2441 1398 2468 relata
1417 2442 1449 2468 ad
1470 2451 1552 2468 unum
1572 2441 1656 2468 omnia
1674 2439 1782 2467 eandem
1803 2439 1850 2466 veli

477 2490 642 2516 directionem
661 2489 725 2516 mihi
745 2489 930 2517 exhibuerunt.
