2036 3125
873 364 1174 419 -204-

387 479 507 522 Anno
533 476 791 535 praeterlapso
818 490 907 516 vero
927 474 1032 515 haud
1054 489 1212 531 parvam
1232 471 1461 514 animalium
1482 473 1650 531 copiam,
1687 489 1810 532 quam

253 557 491 600 Mertensius
522 554 789 596 observaverat
821 562 857 593 et
890 568 932 593 ex
964 560 1069 608 parte
1101 550 1159 592 vel
1184 551 1325 591 siccam
1359 549 1415 590 vel
1440 549 1593 606 liquore
1618 560 1809 592 servatam

251 637 434 679 retulerat
463 643 500 675 et
524 631 761 674 nominatim
788 630 945 687 quidem
972 629 1141 686 Polypos
1168 638 1203 670 et
1228 628 1584 680 Echinodermata,
1612 645 1686 671 nec
1709 646 1808 680 non,

252 728 350 770 quae
369 710 589 758 restabant,
609 706 827 763 Acalephas
848 706 1004 747 definivi
1025 715 1063 745 et
1083 705 1130 745 ad
1152 705 1329 745 ordinem
1349 704 1491 761 redegi.

378 788 509 841 Quare
538 799 588 825 ne
614 782 823 840 publicatio
852 781 1141 838 impedimentis
1168 779 1273 820 haud
1299 780 1486 820 evitandis
1511 779 1701 821 retardata
1727 780 1811 821 diu·

251 865 327 906 tius
347 862 574 920 proseratur,
595 860 725 901 forsan
747 858 851 898 haud
872 857 1168 898 incommodum
1190 856 1261 897 erit
1277 872 1384 897 nunc
1405 857 1562 913 quidem
1581 857 1655 898 acti
1670 856 1811 899 laboris

250 941 445 997 epitomen
466 936 670 978 Prodromi
690 935 803 976 titulo
825 933 1127 975 communicare.

389 1015 580 1071 Magnum
610 1011 797 1068 temporis
817 1011 1004 1066 spatium,
1025 1009 1130 1066 quod
1155 1008 1319 1066 insignis
1344 1008 1555 1065 figurarum
1580 1009 1638 1049 vel
1658 1009 1706 1050 ab
1727 1010 1810 1067 ipso

251 1090 467 1133 Mertensio
494 1088 706 1130 arteficiose
732 1086 1015 1127 delineatarum
1041 1084 1099 1125 vel
1124 1100 1144 1125 a
1173 1083 1361 1124 Postelsio
1388 1084 1529 1124 comite
1554 1084 1634 1140 ejus
1653 1084 1812 1126 habilis·

249 1168 349 1209 simo
375 1165 575 1224 ingeniose
602 1164 648 1204 ad
675 1172 858 1203 naturam
882 1160 1071 1202 factorum
1093 1160 1353 1201 multitudinis
1373 1160 1581 1216 publicatio
1602 1162 1644 1203 in
1664 1162 1813 1204 Acade-

250 1244 350 1285 miae
376 1251 530 1284 nostrae
559 1239 862 1281 Commentariis
887 1238 1121 1294 expectanda
1142 1238 1321 1295 requirit,
1358 1237 1475 1279 talem
1495 1239 1651 1295 quidem
1671 1240 1812 1298 agendi

250 1323 442 1364 rationem
464 1320 627 1377 probare
648 1318 839 1358 videntur.
887 1317 1023 1370 Qualis
1043 1326 1172 1358 autem
1193 1317 1241 1357 sit
1261 1316 1404 1358 laboris
1423 1319 1590 1361 ambitus
1611 1330 1647 1361 et
1667 1331 1812 1378 quanta

250 1400 409 1441 iconum
429 1396 543 1437 series
564 1394 702 1451 partim
724 1409 743 1433 e
761 1402 970 1449 conspectu
990 1392 1167 1433 laborum
1188 1392 1419 1434 Academiae
1439 1409 1544 1436 anno
1568 1395 1671 1454 1829
1685 1406 1813 1438 trans-

250 1484 448 1522 actorum,
487 1472 631 1528 partim
665 1485 755 1511 vero
794 1486 837 1510 ex
870 1468 927 1508 lll.
962 1477 997 1509 et
1023 1468 1126 1509 Nob.
1155 1468 1366 1509 Ferussacii
1390 1472 1813 1514 communicationibus

250 1550 440 1597 innotuit,
477 1564 595 1605 quare
627 1563 736 1588 nunc
763 1546 919 1603 quidem
945 1545 988 1586 in
1007 1545 1238 1586 memoriam
1258 1544 1363 1585 haud
1384 1548 1597 1589 revocanda
1621 1548 1813 1591 videntur.

250 1627 327 1669 Sed
357 1626 404 1666 de
437 1623 642 1671 methodo,
679 1639 796 1680 quam
826 1622 868 1663 in
899 1620 1145 1662 elaborandis
1175 1620 1509 1662 observationibus
1536 1623 1813 1666 Mertensianis

250 1711 405 1746 secutus
435 1718 522 1742 sum
548 1716 669 1757 pauca
696 1699 924 1756 exponenda
947 1707 1081 1748 erunt,
1107 1707 1150 1739 ut
1170 1698 1291 1739 cuivis
1309 1706 1455 1755 pateat,
1480 1714 1578 1756 quae
1598 1699 1699 1741 illius
1718 1701 1811 1754 sint,

251 1794 426 1838 quaeque
446 1778 492 1818 ad
514 1777 701 1818 editorem
722 1776 957 1833 pertineant.

378 1854 571 1897 Omnium
602 1853 831 1895 animalium
857 1852 1220 1909 pertractandorum
1245 1852 1523 1909 descriptiones
1549 1868 1569 1894 a
1596 1854 1811 1897 Mertensio

251 1934 385 1991 lingua
421 1931 641 1989 germanica
676 1939 767 1970 sunt
798 1928 989 1970 exhibitae
1024 1938 1062 1969 et
1087 1946 1176 1971 cum
1202 1929 1333 1987 figuris
1358 1928 1400 1970 in
1419 1928 1592 1986 singulos
1611 1928 1812 1972 fasciculos

253 2009 437 2052 collectae
458 2006 730 2057 inveniuntur3
750 2004 856 2046 haud
874 2021 962 2046 raro
979 2014 1107 2046 autem
1123 2004 1241 2046 nimis
1256 2004 1387 2045 breves
1402 2013 1589 2061 apparent.
1604 2013 1640 2044 et
1653 2004 1813 2048 iconum
1832 2010 1836 2013 ’

250 2086 567 2141 objectorumque
583 2081 794 2122 relatorum
811 2097 884 2138 ope
896 2089 987 2121 sunt
996 2080 1245 2137 supplendae.
1260 2080 1534 2137 Taliaquidem
1543 2080 1813 2138 supplementa

253 2160 402 2205 etiamsi
433 2175 517 2201 non
542 2173 695 2214 semper
720 2157 877 2214 objectis
903 2173 924 2197 a
952 2157 1167 2198 Mertensio
1194 2156 1340 2205 relatis,
1368 2157 1433 2198 sed
1460 2156 1656 2198 interdum
1678 2157 1812 2214 figuris

252 2246 404 2280 tantum
424 2236 601 2277 nitantur
620 2250 665 2275 eo
686 2234 809 2291 magis
830 2233 1029 2290 probabis,
1050 2233 1081 2274 si
1101 2234 1292 2291 principia
1313 2233 1505 2291 respicieS‚
1525 2248 1623 2290 quae
1639 2234 1811 2275 Merten-
1832 2237 1834 2240 ’

254 2314 333 2356 sius
363 2312 404 2352 in
435 2309 687 2353 conficiendis
720 2309 898 2351 iconibus
928 2319 1082 2351 secutus
1119 2319 1175 2351 est
1203 2309 1271 2366 (cf.
1302 2311 1425 2351 Me'm.
1453 2310 1489 2350 d.
1516 2309 1662 2350 l'Acad.
1684 2309 1733 2352 Τ.
1757 2309 1810 2350 Π.

253 2406 292 2446 p.
312 2388 423 2441 503).
462 2386 522 2427 Ad
543 2386 802 2443 designandas
822 2385 993 2442 singulas
1013 2385 1242 2427 animalium
1261 2385 1403 2427 formas
1424 2385 1661 2425 Mertensius
1680 2383 1809 2440 singu-

253 2464 299 2505 lis
336 2461 691 2519 manuscriptorum
724 2462 825 2505 soliis
856 2477 1005 2504 nomen
1035 2462 1277 2521 genericum‚
1314 2461 1489 2503 nominis
1519 2459 1688 2519 specifici
1721 2458 1807 2501 loco
