2036 3125
852 338 1152 392 ..234-

236 464 329 512 Spec.
356 466 388 497 2.
438 458 465 493 Ε
473 468 492 492 Ρ
500 466 512 491 1
520 467 572 491 BU
580 465 619 490 LI
630 464 655 489 A
677 451 935 502 (Brachysoma)
958 449 1179 497 erythrophysa
1199 447 1262 483 ΒΓ.

247 1819 338 1869 Spee.
368 1826 399 1856 1.

541 528 841 562 RnlzoPanA
865 521 964 557 Meri.
984 520 1065 556 Mss.

539 598 665 646 Corpus
690 594 773 630 infra
792 591 928 628 vesicam
948 590 1066 640 pallide
1085 604 1300 640 purpuream,
1319 589 1651 639 oblongum-ovatam,
1673 599 1790 625 trunco

442 669 628 708 brevissimo
646 667 856 708 instructum,
878 662 929 699 cui
951 661 1156 712 proboscidcs
1175 660 1285 711 plures
1308 661 1397 710 (plus
1417 674 1516 710 quam
1538 659 1704 708 sedecim),
1725 659 1792 709 pal-

443 742 505 777 lide
536 752 660 780 roseae‚
694 750 753 772 nec
785 749 851 771 non
882 733 1066 770 ovariorum
1099 731 1256 768 nonnulla
1288 731 1438 768 fascicula
1466 744 1630 781 purpurea
1656 730 1789 766 adnexa.

446 809 621 848 Tentacula
641 820 785 850 ramosa,
810 805 928 856 pallide
948 803 1228 854 purpurascenlia.

543 881 671 930 Species
689 879 855 924 Epihuliae
879 876 1108 916 Chamissorzm
1136 887 1216 922 quae
1237 874 1306 923 pari
1325 874 1424 910 modo
1442 873 1521 910 huic
1539 872 1671 910 sectioni
1692 873 1793 908 adnu-

446 952 616 993 meranda,
635 949 798 986 simillima
818 947 931 984 eodem
950 946 1001 981 dic
1021 960 1097 981 cum
1116 945 1212 994 Epib.
1233 944 1418 987 Mertensii‚
1438 944 1494 980 sed
1513 943 1694 993 vespertino
1715 951 1794 979 tem-

446 1037 524 1073 pore
554 1031 659 1071 capta,
695 1019 886 1056 tubulorum
918 1017 1153 1059 sucturiorum‚
1193 1030 1251 1052 nec
1281 1030 1347 1051 non
1379 1003 1575 1064 organorum
1594 1023 1745 1065 capturae
1765 1022 1795 1049 et

446 1091 670 1143 propagationi
695 1090 928 1127 destinatorum
954 1087 1111 1138 positione
1138 1087 1382 1137 quodammodo
1408 1085 1614 1135 Apolemiam
1635 1097 1794 1121 revocans.

546 1163 681 1198 Observ.
735 1160 907 1197 Inserenda
945 1159 1023 1196 huic
1049 1158 1180 1195 sectioni
1216 1172 1347 1208 quoque
1385 1156 1543 1208 Epibulia
1569 1156 1797 1207 LChamissonis

449 1233 694 1270 Eschscholtzii.

732 1300 918 1349 Subsamz'lia
942 1301 1221 1336 AGALMIDAE
1242 1300 1304 1336 Br.

553 1383 666 1420 Vesica
691 1382 838 1419 minima.
881 1382 991 1418 Partes
1017 1380 1237 1429 cartilagineae
1269 1393 1458 1416 numerosae
1489 1393 1607 1427 organa
1626 1380 1693 1415 duo
1712 1395 1798 1417 com-

452 1464 605 1505 ponentes
625 1454 767 1490 natando
787 1453 958 1496 destinata,
980 1467 1122 1502 quorum
1142 1466 1246 1487 unum
1267 1465 1351 1500 pone
1371 1450 1504 1487 alterum
1531 1450 1630 1486 situm
1656 1450 1798 1486 canalem

453 1525 665 1562 nutritorium
685 1539 722 1561 cx
742 1533 832 1573 parte
850 1522 1000 1559 includit.
1051 1521 1226 1558 Tentacula
1245 1535 1382 1558 ramosa.

776 1604 894 1641 Genus.
919 1603 1112 1640 AGALMA
1136 1603 1286 1640 Eschsch.

539 1676 716 1714 Tenlacula
728 1675 860 1712 ramulis
874 1674 1013 1718 clavatis,
1028 1674 1116 1710 clava
1130 1673 1221 1723 apice
1232 1673 1445 1724 bicuspidata.
1458 1673 1568 1710 Partes
1582 1673 1801 1721 cartilagineae

443 1749 623 1799 superiores
642 1748 773 1784 cavitate
793 1746 950 1783 natatoria
969 1746 1095 1782 bicorni
1116 1745 1305 1788 instructae,
1330 1744 1494 1782 inferiores
1512 1745 1643 1788 solidae,
1662 1759 1800 1795 sparsae.

449 1819 477 1863 ᾼ
489 1829 605 1854 GALM
613 1829 637 1854 A
656 1820 821 1855 Mertensii
836 1818 899 1854 Br.

543 1891 671 1939 Corpus
690 1889 872 1939 hyalinum.
922 1890 1000 1925 Pars
1020 1888 1223 1937 cartilaginea
1242 1887 1389 1938 superior
1414 1886 1564 1931 ovoidea,
1595 1888 1659 1923 sere
1678 1887 1802 1939 pollicis

456 1960 678 2008 longitudine,
709 1959 861 1996 lateribus
881 1960 1015 1997 maculis
1035 1974 1089 1997 sex
1109 1960 1345 1996 rusescentibus
1364 1958 1493 1995 notatis.
1542 1958 1719 1994 Tentacula
1739 1959 1801 1995 du—

458 2030 550 2079 plicis
569 2031 706 2074 formae,
731 2046 747 2067 e
767 2031 1023 2069 subviolasceme
1043 2031 1252 2081 pallidissime
1272 2030 1550 2081 purpurascentia‚
1570 2030 1692 2078 majora
1712 2040 1801 2080 parte

459 2103 577 2140 clavata
599 2105 751 2142 coccinea.

557 2177 594 2213 In
620 2178 747 2214 Oceano
775 2178 909 2228 pacifico
933 2180 995 2216 sub
1022 2183 1082 2217 55⁰
1104 2181 1160 2216 30¹
1178 2178 1357 2215 latitudinis
1377 2187 1408 2215 et
1427 2185 1495 2214 211
1518 2176 1731 2226 longitudinis
1751 2192 1804 2213 oc-

458 2247 621 2284 cidentalis
640 2249 741 2297 gradu
761 2250 894 2287 detecta.

558 2319 693 2356 Observ.
716 2327 746 2357 1.
772 2320 909 2368 Figurae
928 2330 959 2358 et
979 2320 1235 2364 observationes,
1266 2334 1346 2370 quas
1366 2318 1626 2355 Eschscholtzius
1644 2321 1684 2356 de
1701 2320 1804 2367 Agal-

461 2396 541 2424 mate
573 2387 690 2425 Olmii
719 2391 826 2433 dedit,
860 2406 934 2427 cum
966 2391 1192 2428 Mertensianis
1224 2399 1421 2441 comparatae
1454 2399 1575 2425 tantam
1595 2388 1740 2425 animalis
1763 2389 1803 2423 ab

461 2460 701 2498 Eschscholtzio
727 2471 758 2498 et
784 2462 960 2499 Mertensio
984 2464 1101 2512 reperti
1128 2462 1303 2499 ostendunt
1321 2460 1556 2503 differentiam,
1575 2468 1611 2495 ut
1631 2467 1804 2506 utrumque
