2036 3125
248 780 251 782 .
265 744 358 795 Spec.
386 751 420 783 2.

267 1467 359 1520 Spec.
385 1476 420 1508 3.

897 347 1198 391 —226—

467 474 523 499 sus
540 459 663 497 alienus
683 458 861 496 secundum
875 457 1045 494 Mertensii
1063 456 1212 505 figuram,
1243 457 1468 493 Nihilominus
1490 472 1550 508 pro
1563 468 1650 496 certo
1663 458 1818 497 differen-

466 533 546 568 tiam
557 530 739 582 specificam
754 529 900 564 nondum
915 541 1141 578 proponerem,
1159 540 1258 576 quare
1277 528 1406 575 signum
1420 527 1680 576 interrogationis
1693 529 1816 566 addidi.

566 603 743 638 Observata
768 608 814 636 est
835 613 852 635 a
871 599 1047 635 Mertensio
1066 598 1100 634 in
1121 599 1251 635 Oceano
1269 597 1397 634 australi
1416 599 1477 635 sub
1505 605 1551 635 36
1577 598 1755 636 latitudinis
1782 610 1813 637 et

469 680 540 711 354
560 671 776 721 longitudinis
796 671 911 719 gradu-

469 745 668 781 AURELIA
687 745 815 793 hyalina
836 743 899 779 Br.

566 815 753 851 MEDUSA
785 827 816 849 n.
844 820 900 849 10.
927 812 1007 848 Mss.
1033 812 1210 849 Merlensz‘i.

575 883 729 932 Hyzssina,
754 882 806 917 vix
831 881 1043 918 rubricanda.
1080 881 1222 917 Brachia
1242 880 1428 918 lanceolata.
1479 880 1612 918 Canales
1635 880 1815 933 (intestina)

471 954 629 991 vasculosi
647 952 739 989 valde
759 953 888 990 ramosi.

573 1027 611 1062 In
630 1026 713 1061 Sinu
732 1023 962 1060 Nordfolcensi
983 1031 1029 1061 20
1051 1025 1193 1072 Augusti
1212 1025 1264 1061 die
1283 1024 1359 1060 anni
1383 1031 1474 1062 1827
1497 1033 1632 1075 reperta.

578 1096 713 1133 Observ,
750 1096 869 1131 Forma
898 1097 968 1145 pari
1000 1096 1097 1131 modo
1122 1094 1273 1131 Aureliae
1298 1097 1419 1132 auritae
1444 1094 1566 1139 affinis,
1597 1109 1694 1145 quam
1714 1105 1821 1133 tamen

471 1166 539 1215 jam
559 1165 756 1202 Mertensius
776 1166 943 1215 propriam
964 1165 1101 1214 speciem
1121 1165 1255 1214 putavit.

735 1246 780 1282 B.
830 1245 968 1293 Subgen.
995 1244 1275 1292 szlocraspedon.
1302 1246 1364 1283 Br.

568 1326 727 1376 Marginis
745 1325 866 1363 limbus
886 1325 1018 1376 duplex.
1052 1326 1306 1362 Tentaculorum
1332 1326 1535 1363 evolutorum
1554 1327 1649 1363 series
1674 1324 1821 1376 simplex.

471 1398 603 1436 Praeter
621 1397 781 1435 tentacula
799 1397 925 1434 evoluta
945 1398 1207 1434 rudimentorum
1218 1395 1463 1434 tentacularium
1479 1397 1703 1434 vesicularium
1714 1397 1822 1435 series·

468 1469 670 1507 Annum
694 1471 821 1506 limbata
842 1470 906 1506 ΒΓ.

578 1542 765 1578 ΜΕΒυεΑ
783 1555 816 1578 n.
844 1548 898 1578 19.
925 1539 1006 1577 Mss.
1032 1541 1208 1577 Martensii.

576 1612 667 1649 Disei
699 1613 857 1649 diameter
889 1613 929 1648 δ”
955 1634 1005 1642 —-
1026 1614 1065 1650 1‘.
1116 1613 1231 1661 Margo
1249 1612 1388 1648 sedecies
1407 1612 1553 1655 incisus,
1578 1611 1681 1648 limbo
1701 1611 1824 1661 duplici

474 1683 610 1723 cinctus.
672 1685 803 1720 Praeter
838 1684 995 1720 tentacula
1027 1685 1142 1721 brevia
1172 1683 1359 1732 marginalia
1394 1681 1583 1732 corpuscula
1618 1684 1825 1733 pyriformia,

475 1754 666 1791 vesciculosa
702 1754 955 1803 (tentaculorum
980 1755 1195 1804 rudimenta).
1246 1753 1342 1790 Color
1361 1753 1437 1791 disci
1460 1753 1513 1788 vix
1534 1752 1825 1796 subcoerulescens,

476 1825 635 1873 marginis
660 1839 676 1862 e
696 1826 873 1874 nigricante
897 1827 1023 1869 fuscus,
1055 1839 1202 1861 vasorum
1231 1824 1539 1867 ramosissimorum,
1568 1822 1824 1873 frequentissime

466 1895 552 1932 inter
571 1909 603 1932 se
624 1896 875 1945 conjunctorum
894 1910 911 1932 e
930 1896 1117 1932 flavescente
1138 1896 1329 1932 suscescens.

578 1966 615 2001 In
639 1966 722 2002 Sinu
747 1966 991 2004 Awatscha'ensi
1021 1975 1052 2002 et
1074 1975 1171 2016 portu
1192 1966 1240 2004 St.
1263 1965 1350 2002 Petri
1372 1973 1403 2001 et
1424 1963 1518 2001 Pauli
1543 1964 1735 2001 Mertensius
1756 1978 1825 2001 eam

481 2048 568 2072 anno
592 2043 683 2074 1827
704 2036 965 2085 frequentissime
984 2036 1122 2073 invenit.

579 2105 716 2145 Observ.
741 2107 876 2144 Aurelia
902 2108 1032 2143 limbata
1052 2108 1190 2157 speciem
1211 2121 1326 2144 novam
1346 2106 1638 2152 distinctissimam,
1659 2107 1727 2143 imo
1745 2108 1825 2145 adeo

473 2177 639 2216 divisionis
657 2179 882 2227 subgenericae
900 2187 1028 2229 typum,
1050 2179 1092 2215 ob
1118 2178 1258 2215 limbum
1278 2177 1442 2229 duplicem
1460 2187 1492 2215 et
1511 2177 1666 2214 secundae
1680 2187 1824 2216 tentacu-

478 2245 586 2286 lorum
609 2247 699 2286 seriei
723 2249 908 2285 rudimenta
926 2250 1035 2285 sistere
1055 2247 1140 2286 mihi
1160 2249 1302 2288 videtur.

722 2324 757 2356 4.
787 2318 908 2357 Genus.
934 2320 1135 2358 PELAGIA
1159 2321 1242 2358 Per.
1260 2326 1292 2357 ei
1309 2318 1385 2357 Les.

579 2388 790 2426 Ventriculus
808 2390 1043 2440 appendicibus
1063 2390 1206 2429 saccatis.
1257 2387 1432 2427 Tentacula
1450 2397 1540 2433 octo,
1564 2402 1702 2439 quorum
1721 2388 1825 2438 quod-

482 2459 532 2497 vis
551 2474 624 2498 cum
645 2460 745 2498 canali
764 2475 781 2498 e
800 2461 977 2498 ventriculo
993 2462 1172 2511 prodeunte
1191 2461 1413 2512 conjunctum.
