2036 3125
279 1220 372 1270 Spec.
401 1229 432 1261 1.

910 345 967 374 -n
1026 323 1105 363 252
1160 345 1218 354 *—

489 434 693 483 singulorum
731 432 886 468 ordinum
926 432 1024 481 pedes
1055 432 1169 468 alterni
1196 432 1420 469 observentur.
1481 435 1671 473 Posterioris
1697 438 1841 488 corporis

485 506 585 556 partis
612 506 710 555 pedes
735 504 848 553 sparsi.
901 504 1027 552 Corpus
1053 502 1282 553 cylffidricum,
1308 505 1425 552 pagina
1452 505 1602 542 inferiore
1627 509 1840 558 subplanum.
1891 522 1895 532 ¹

485 579 525 614 In
553 579 652 625 partis
679 575 774 611 oralis
799 576 964 624 superiore
993 574 1137 622 margine
1163 573 1355 623 corpuscula
1381 583 1562 618 attenuata,
1589 576 1743 627 elongata,
1771 596 1841 617 ver-

483 647 650 683 micularia
693 647 805 696 (pedes
843 645 984 681 dorsales
1010 645 1264 693 transformati),
1305 645 1339 680 in
1372 659 1480 681 comae
1511 646 1649 684 formam
1673 650 1838 700 disposita,

487 717 522 753 in
542 717 742 765 marginibus
770 716 954 752 lateralibus
981 725 1011 751 et
1035 715 1069 751 in
1096 716 1245 751 inferiore
1272 715 1416 763 margine
1441 726 1550 753 autem
1576 721 1843 768 corpusculorum

485 788 660 832 similium,
698 789 754 823 sed
781 787 883 822 multo
909 788 1095 829 minorum,
1131 785 1274 822 annulus
1300 788 1495 830 observatur,
1520 788 1576 837 qui
1604 790 1685 825 cutis
1711 791 1841 840 prolon-

483 860 610 907 gatione
636 859 753 908 plicam
780 857 995 907 peculiarem,
1021 856 1185 906 duplicem
1212 871 1268 892 seu
1295 856 1414 893 collare
1440 857 1560 906 duplex
1588 860 1759 897 exhibente
1776 862 1842 898 cin-

485 929 583 977 gitur.
627 930 752 965 Collare
778 929 912 964 interius
938 929 1083 970 brevius,
1110 929 1250 963 exterius
1275 928 1377 975 magis
1403 927 1570 964 evolutum
1596 938 1627 966 et
1647 930 1842 978 elongatum,

484 1001 628 1048 margine
655 1001 756 1037 libero
782 1000 996 1036 fimbriatum.
1038 998 1217 1034 Tentacula
1244 1006 1302 1042 20,
1329 999 1397 1034 basi
1425 1014 1575 1048 processu
1601 1011 1746 1046 cumaeo,
1766 1017 1843 1052 pro-

487 1071 560 1120 prio
586 1072 778 1120 conjuncta,
804 1072 892 1121 apice
920 1070 1235 1120 peltam-diguam,
1261 1071 1361 1106 ramis
1386 1069 1603 1119 pinnatifidis‚
1629 1072 1843 1111 exterioribus

487 1141 697 1178 interioribus
724 1142 825 1190 magis
851 1141 1022 1189 elongatis.

484 1222 858 1258 DIPLOPERIDERIS
883 1222 1084 1259 Sita-baensis.
1112 1219 1174 1257 ΒΓ.

594 1305 891 1340 HOLoTnchA
916 1319 949 1342 n.
979 1312 1011 1340 1.
1039 1304 1119 1339 Mss.
1142 1304 1318 1339 Mertensii.

593 1376 720 1425 Corpus
746 1376 952 1424 elongatum,
979 1374 1208 1426 cylindricum‚
1235 1359 1416 1424 spithamae
1442 1373 1646 1422 longitudine
1661 1375 1709 1411 vel
1724 1377 1844 1420 minus,

493 1445 618 1495 pollicis
656 1456 686 1483 et
725 1446 810 1482 ultra
847 1447 1029 1483 latitudine.
1093 1446 1200 1495 Supra
1236 1446 1442 1487 brunnenm,
1482 1445 1616 1482 maculis
1649 1447 1843 1491 minoribus,

487 1518 652 1559 rotundis,
692 1518 791 1566 nigris
824 1519 1031 1567 adspersum,
1072 1516 1157 1552 infra
1189 1515 1290 1552 dilute
1322 1516 1506 1552 olivascens.
1572 1517 1674 1554 Pedes
1705 1519 1845 1555 dorsales

488 1589 627 1637 majores
656 1590 774 1639 sparsi,
814 1588 1002 1636 ferruginei.
1067 1587 1168 1623 Pedes
1194 1586 1416 1622 abdominales
1442 1587 1523 1623 fusci
1548 1587 1598 1623 vel
1624 1587 1841 1626 olivasccntes.

488 1659 642 1702 Collaria‚
682 1669 812 1710 excepta
839 1659 926 1703 basi,
966 1674 982 1695 e
1014 1658 1251 1695 subvirescente
1277 1657 1479 1706 nigricantia.
1524 1658 1625 1694 Coma
1652 1658 1842 1696 fuscescens.

490 1731 669 1767 Tentacula
696 1732 789 1767 fusco
804 1755 818 1759 —
830 1732 1044 1768 flavescentia.

592 1802 629 1837 In
656 1802 784 1838 Insulae
809 1803 937 1839 Sitcliae
964 1802 1115 1838 litoribus
1143 1801 1192 1838 vel
1219 1816 1320 1851 prope
1345 1801 1449 1839 litora.

589 1872 727 1908 Observ.
751 1873 861 1909 Genus
881 1873 1142 1919 Dffiloperz'derss,
1170 1873 1321 1922 quamvis
1338 1882 1405 1908 toto
1425 1873 1539 1909 habitu
1559 1887 1631 1909 cum
1654 1888 1768 1921 genere
1781 1874 1845 1911 Sti-

487 1943 606 1988 chopus
632 1944 814 1987 conveniat,
843 1944 963 1993 pedum
992 1954 1096 1980 tamen
1112 1944 1338 1993 dispositione,
1363 1958 1460 1993 porro
1478 1943 1714 1980 tentaculorum
1731 1946 1845 1990 forma,

493 2026 551 2049 nec
583 2028 648 2049 non
680 2014 849 2050 collarium
876 2015 999 2051 ratione
1025 2024 1056 2051 et
1082 2014 1316 2065 appendicibus
1342 2009 1481 2063 propriis
1505 2029 1522 2050 a
1549 2015 1687 2065 pedibus
1713 2016 1846 2053 dorsali-

492 2084 554 2120 bus
581 2086 815 2122 transformatis
841 2095 873 2122 et
899 2085 1053 2135 peculiari
1079 2086 1178 2121 modo
1199 2085 1348 2129 evolutis,
1375 2084 1533 2121 tentacula
1555 2085 1769 2133 cingentibus,
1793 2086 1844 2122 di-

493 2169 619 2190 versum
646 2157 815 2205 reperitur.
836 2178 882 2185 —-
922 2155 1057 2192 Collaris
1085 2157 1219 2206 quidem
1245 2156 1469 2192 rudimentum
1495 2170 1568 2191 vero
1594 2155 1687 2191 etiam
1714 2156 1747 2191 in
1773 2156 1842 2193 aliis

492 2225 698 2262 Holothuriis
729 2241 896 2264 occurrere
934 2227 1080 2272 videtur,
1117 2243 1149 2264 v.
1181 2241 1207 2263 c.
1247 2227 1281 2263 in
1312 2227 1500 2262 Holollzuria
1532 2227 1673 2273 elegante
1708 2226 1841 2262 Miilleri

494 2290 692 2343 (ZooLdan.
718 2298 785 2336 tab.
814 2302 875 2347 1.).
938 2297 1052 2335 Solum
1092 2298 1193 2347 igitur
1232 2297 1347 2334 collare
1385 2297 1424 2333 ad
1466 2296 1697 2344 distinguenda
1727 2310 1841 2344 genem

492 2367 542 2402 vix
582 2368 716 2412 suflicit,
754 2370 810 2406 sed
849 2369 967 2407 collare
1002 2369 1122 2421 duplex
1149 2379 1180 2406 et
1206 2370 1395 2421 appendices
1420 2368 1569 2418 propriae
1594 2367 1842 2414 disjunctionem

491 2438 639 2475 suadent.
