2036 3125
809 355 1112 397 —225—

375 467 513 518 Cyaneis
528 465 678 515 genuinis
692 465 870 502 Lamarckii
886 479 952 502 non
968 465 1228 509 adnumerarem,
1243 464 1287 501 ob
1302 465 1462 502 tentacula
1477 467 1525 503 vix
1540 469 1733 514 fasciculam,

376 538 524 589 aequalia
561 546 591 573 et
625 550 714 573 areas
734 535 938 572 transversim
970 535 1124 585 plicata5‚
1155 534 1220 571 alio
1250 535 1349 572 modo
1378 538 1610 583 conformatas,
1650 556 1734 589 quae

372 609 468 646 aliam
496 622 627 659 quoque
648 605 820 643 ventriculi
840 606 933 655 quod
954 606 995 642 ad
1016 606 1210 656 appendices
1230 607 1389 644 rationem
1409 608 1550 645 indicare
1571 609 1734 649 videntur.

474 679 610 715 Observ.
645 685 679 715 3.
737 675 874 726 Cyanen
912 676 1143 724 Bougaimu'lln·
1177 678 1265 714 Less·
1307 678 1468 728 (Duperr.
1495 682 1581 731 Voy.
1606 682 1733 731 Zooph.

377 764 409 787 n.
439 752 512 798 14.)
542 758 589 785 est
614 748 740 797 generis
767 747 890 797 proprii
921 748 1148 798 (Hippocrene
1175 749 1290 798 Mert.)
1318 758 1418 801 typus
1446 750 1525 798 (vid.
1551 751 1666 801 infra).

471 820 608 857 Observ.
642 825 676 856 4.
727 817 861 867 Cyanea
897 820 1058 864 calzjvarea
1096 820 1205 869 Reyn.
1243 819 1332 869 apud
1370 821 1490 857 Lesson
1523 821 1615 858 Cent.
1646 822 1736 859 Zoot.

373 891 438 929 tab.
465 898 512 927 20
539 890 680 927 brachiis
706 888 889 926 convolutis
914 889 1058 940 praedita
1074 876 1264 940 Chrysaoris
1280 891 1388 927 forsan
1407 893 1518 941 potius
1538 906 1634 941 quam
1651 893 1734 944 Cya-

373 963 441 998 neis
461 961 648 998 Peronianis
668 960 929 1004 adnumeranda,
955 969 991 996 ut
1017 975 1033 996 e
1053 959 1151 996 radiis
1169 960 1210 996 ad
1231 961 1391 998 tentacula
1411 963 1615 1010 vergentibus
1637 964 1736 1013 potis—

372 1034 493 1068 simum
513 1032 737 1076 concluderes,
762 1029 970 1078 Chrysaorne
989 1029 1154 1077 Reynodii
1169 1031 1309 1068 nomine.
1358 1032 1398 1067 In
1417 1033 1520 1081 figura
1541 1035 1734 1071 Lessoniana

373 1112 514 1139 ceterum
544 1101 772 1138 desiderantur
804 1099 994 1149 corpuscula
1028 1099 1219 1147 marginalia
1243 1109 1275 1135 et
1298 1102 1477 1138 accuratior
1496 1105 1733 1142 tentaculorum

371 1173 489 1222 positio
522 1182 671 1222 respectu
697 1171 965 1221 corpusculorum
990 1171 1232 1220 marginalium.
1261 1194 1307 1201 —-·
1358 1172 1494 1221 Cyanen
1519 1177 1734 1223 quadra-[ncta

372 1244 541 1294 Reynodii
572 1244 617 1280 ib.
651 1243 718 1279 tab.
745 1250 789 1280 57
819 1252 865 1279 est
885 1241 1039 1278 Aureliae
1059 1242 1180 1292 species
1203 1243 1354 1290 (Aurelia
1379 1245 1540 1293 Reynodii
1556 1245 1677 1295 N071.)‚
1698 1257 1733 1282 ut

371 1325 460 1352 totus
495 1317 629 1352 habitus
660 1316 813 1352 ostendit.
858 1314 894 1349 In
914 1313 1017 1362 figura
1037 1313 1185 1349 exhibita
1205 1315 1324 1350 omissa
1344 1324 1420 1351 sunt
1441 1317 1628 1367 corpuscula
1650 1333 1734 1354 mar-

371 1388 494 1435 ginalia
519 1397 549 1424 et
570 1386 748 1431 tentacula,
773 1400 856 1436 quae
876 1386 987 1421 forsan
1007 1393 1081 1421 sunt
1103 1384 1239 1421 minima
1259 1398 1394 1434 eamque
1415 1386 1457 1421 ob
1477 1401 1606 1424 causam
1627 1389 1734 1425 obser-

373 1467 514 1494 vatorem
536 1459 700 1507 sugerunt.

585 1548 618 1577 3.
647 1537 764 1576 Genus.
793 1538 1038 1585 AERELJA*)
1058 1538 1141 1574 Per.
1166 1544 1198 1573 et
1222 1537 1299 1574 Les.

477 1620 686 1657 Ventriculus
711 1619 946 1670 appendicibus
971 1619 1103 1655 saccatis
1131 1627 1282 1669 quatuor.
1326 1617 1502 1655 Tentacula
1523 1632 1693 1655 numerosa
1714 1633 1729 1654 e

373 1692 474 1728 canali
496 1692 665 1741 marginali
686 1691 892 1742 prodeuntia.

587 1788 628 1824 A.
679 1786 844 1834 Subgemts
863 1787 1136 1832 Monocraspedon
1151 1784 1163 1802 ³¹
1175 1785 1212 1834 *)
1242 1785 1305 1823 ΒΓ.

475 1869 634 1917 Marginis
654 1868 777 1905 limbus
797 1868 945 1918 simplex.
985 1867 1164 1905 Tentacula
1184 1867 1321 1917 simplici
1343 1867 1433 1905 serie.
1478 1867 1732 1905 Tentaculorum

374 1942 506 1978 secundi
527 1942 651 1978 ordinis
672 1941 858 1978 rudimenta
879 1940 980 1978 nulla.

164 2031 280 2080 ?Spec.
304 2038 333 2067 1.
368 2033 569 2069 Arnum
590 2044 792 2070 corporA
810 2035 867 2071 ΒΓ.

469 2104 595 2140 MEDL·
606 2114 657 2140 SA
683 2120 714 2141 n.
739 2112 795 2141 19.
822 2105 900 2142 Mss.
928 2103 975 2139 M
972 2109 1111 2142 erlensiz‘.

446 2175 574 2224 Corpus
588 2176 754 2227 hylinum,
771 2176 1010 2214 subrusescens.
1025 2177 1163 2213 Brachia
1179 2174 1475 2218 ovato—lanceolata,
1489 2175 1642 2211 lateribus
1660 2176 1731 2211 basi

373 2246 624 2294 profundissime
649 2247 773 2283 sinuata
788 2257 818 2284 et
832 2247 950 2284 lobata.
964 2271 1013 2276 —-
1032 2248 1156 2283 Habitu
1171 2257 1239 2283 toto
1251 2246 1400 2283 Aureliae
1415 2246 1536 2282 aui-itae
1556 2245 1729 2289 simillima,

375 2317 430 2352 scd
442 2318 573 2354 brachia
587 2318 713 2363 latiora,
733 2319 893 2356 tentacula
908 2319 1044 2368 majora,
1061 2333 1210 2356 vasorum
1225 2319 1270 2356 sic
1283 2319 1446 2355 dictorum
1462 2318 1553 2365 origo
1571 2326 1601 2353 et
1615 2317 1729 2353 decur-

294 2456 324 2489 ψ)
344 2453 467 2478 Pcronius
485 2454 569 2480 scribit
589 2455 782 2485 Auamma,
803 2454 845 2480 sed
865 2455 958 2481 rectius
977 2465 1039 2482 cum
1057 2448 1212 2481 Lamarckio
1233 2454 1394 2481 scribendum
1415 2459 1450 2480 est
1470 2453 1638 2480 AUREUA.

272 2501 319 2535 **)
341 2500 443 2526 Nomen
464 2500 608 2528 derivatum
629 2513 644 2530 a
663 2512 743 2535 μυνυς
761 2513 827 2529 unus
852 2513 872 2530 s.
890 2503 981 2530 unicus
1000 2508 1024 2530 et
1044 2504 1190 2541 κραςῖτεδον
1208 2502 1313 2529 limbis.

1467 2557 1515 2599 31
