2036 3125
896 359 1198 401 -218—

711 469 1160 508 DISCOPHORAE
1210 469 1400 506 Eschseh.

807 542 1081 578 Menusmn
1110 537 1214 578 Meri.
1244 542 1267 579 Ι.
1285 542 1307 577 Ι.

371 624 649 663 Introductionem
675 623 851 673 generalia,
877 638 958 672 quae
984 623 1050 660 huc
1076 637 1178 672 usque
1204 622 1244 658 de
1270 631 1444 666 structura,
1468 631 1617 661 anatome
1641 634 1672 661 et
1697 623 1834 676 physio-

278 699 362 747 logia
387 698 422 733 in
448 697 636 732 universum
662 695 892 738 innotuerunt,
918 694 1186 744 complectentem
1210 695 1246 730 in
1271 702 1410 730 tractatu
1435 694 1557 730 fusiore
1573 694 1614 730 de
1626 694 1834 745 Discophoris

275 767 453 818 composito
490 766 684 803 Academiae
722 765 789 815 jam
828 765 975 801 exhibito
1010 765 1176 808 dedimus,
1219 778 1318 813 quam
1344 779 1431 801 nunc
1455 764 1589 814 quidem
1614 774 1755 814 repetere
1780 766 1833 802 vix

276 839 485 877 commodum
510 838 650 873 videtur.
687 836 879 872 Notandum
906 844 1014 871 tamen
1040 835 1118 878 erit,
1145 849 1198 870 me
1224 849 1300 871 cum
1323 834 1568 872 Eschscholtzio
1592 835 1627 870 in
1653 834 1834 873 dividendis

274 909 488 959 Diseophoris
521 908 556 943 in
581 907 737 944 sectiones
764 907 847 942 duas
873 905 1036 955 generales
1060 906 1243 942 secundum
1267 907 1376 943 ovaria
1400 906 1475 956 plus
1499 906 1647 942 minusve
1673 906 1832 952 distincta,

273 982 308 1017 in
326 981 590 1028 Phanerocarpas
613 986 645 1014 et
658 978 896 1028 Cryptocarpas
921 976 1051 1020 scilicet,
1071 978 1252 1013 consentire
1266 990 1334 1013 non
1346 991 1451 1027 posse.
1475 976 1624 1014 Primum
1637 975 1724 1011 enim
1737 977 1833 1014 sectio

273 1051 597 1098 Phanerocarparum
628 1056 661 1083 et
701 1048 997 1098 Cryptocarparum
1038 1047 1287 1084 classificationis
1324 1048 1485 1098 principio
1517 1047 1652 1084 minoris
1677 1047 1833 1083 momenti

273 1123 405 1164 nititur,
443 1120 560 1156 deinde
584 1119 635 1155 sin
664 1118 761 1154 etiam
786 1133 861 1155 cum
885 1118 1128 1155 Eschscholtzio
1154 1118 1215 1155 hoc
1240 1118 1437 1169 principium
1462 1118 1685 1160 admittimus,
1711 1117 1833 1153 formae

273 1193 342 1230 aliis
366 1192 465 1241 signis
491 1190 748 1227 characteristicis
774 1190 911 1227 invicem
937 1190 1056 1227 similes
1085 1191 1287 1241 dissipantur
1305 1200 1337 1227 et
1362 1206 1438 1228 cum
1463 1189 1674 1227 dissimilibus
1698 1191 1834 1240 conjun-

272 1271 407 1312 guntur.
457 1260 533 1296 Oris
558 1269 667 1296 autem
693 1260 791 1302 ratio,
819 1273 901 1295 num
925 1259 1062 1309 simplex
1089 1260 1130 1297 sit
1154 1260 1204 1297 vel
1232 1261 1385 1305 divisum,
1411 1260 1515 1297 multo
1529 1261 1662 1310 majoris
1676 1261 1832 1297 momenti

273 1333 401 1369 videtur
426 1331 612 1367 ovariorum
637 1330 820 1367 evolutione
845 1330 919 1381 plus
945 1331 1095 1368 minusve
1120 1325 1303 1382 conspicua.
1353 1332 1429 1379 Qua
1447 1332 1487 1368 (le
1511 1346 1606 1368 causa
1629 1332 1765 1369 familias
1791 1332 1832 1368 ab

273 1401 518 1440 Eschscholtzio
559 1401 716 1438 stabilitas
753 1410 877 1438 mutata
914 1402 1070 1438 divisione
1109 1403 1250 1451 generali
1286 1402 1470 1440 retinendas
1498 1403 1653 1453 quidem,
1688 1403 1743 1440 sed
1770 1401 1833 1440 alio

273 1471 371 1508 modo
398 1471 615 1521 disponendas
640 1484 706 1507 esse
732 1480 883 1520 putarem
909 1471 969 1507 hoc
993 1471 1059 1506 fere
1079 1471 1197 1508 modo:

756 1541 804 1578 Os
823 1541 959 1591 simplex
986 1542 1259 1592 (Monostomae.)

824 1611 1009 1648 Oceanidae
1035 1611 1194 1649 Eschseh.

829 1683 1035 1733 Aequoridae
1059 1682 1218 1720 Eschseh.

814 1753 1019 1803 'kMedusidae
1044 1753 1200 1790 Eschseh.

757 1824 805 1861 Os
831 1825 865 1861 in
891 1825 998 1861 oscula
1017 1825 1170 1863 divisum.
1193 1826 1437 1879 (Polyslomae).

828 1896 1037 1946 Geryonidae·
1053 1897 1210 1935 Eschseh.

828 1968 1095 2005 Rhizostomidae
1120 1968 1276 2006 Eschseh.

763 2038 988 2087 Discophorae
1012 2040 1151 2075 incertae
1176 2039 1275 2076 sedis.

816 2108 1023 2146 Berenicidae
1047 2109 1204 2145 Eschseh.

379 2190 560 2227 Oceanidae
586 2191 886 2228 Eschscholtzianae
912 2205 967 2228 ore
992 2191 1129 2242 simplici
1154 2191 1362 2242 corporisque
1385 2192 1502 2234 forma,
1528 2205 1587 2228 nec
1605 2204 1671 2228 non
1684 2204 1829 2229 vasorum

276 2260 319 2296 sic
339 2259 499 2297 dictorum
528 2262 653 2299 ratione
683 2277 699 2299 e
718 2262 919 2312 reliq-uorum
947 2263 1229 2313 Discophororum
1260 2278 1397 2300 numero
1428 2264 1595 2300 Beroideis
1624 2277 1681 2299 seu
1713 2263 1830 2299 Cteno-

276 2330 389 2380 phoris
414 2334 580 2382 propiores
606 2333 768 2370 videntur.
815 2335 1022 2384 Aequon'dae
1042 2335 1213 2372 Oceanidis
1238 2335 1413 2372 admodum
1439 2334 1551 2371 affines
1576 2334 1829 2384 conspiciuntur.

278 2401 466 2438 Medusidae
502 2417 559 2439 ore
582 2404 750 2452 angulato',
781 2405 848 2440 imo
874 2405 1039 2442 interdum
1065 2407 1130 2442 fere
1156 2406 1274 2450 diviso,
1305 2418 1402 2455 porro
1430 2405 1570 2441 brachiis
1595 2404 1734 2445 sulcatis,
1772 2417 1830 2439 nec

277 2484 343 2507 non
381 2471 450 2509 basi
486 2474 651 2511 interdum
682 2476 716 2512 in
758 2476 982 2526 pedunculum
1014 2478 1194 2527 conjunctis
1226 2477 1468 2527 quodammodo
1496 2476 1539 2513 ad
1568 2473 1771 2524 Geryonidas
1797 2482 1827 2509 et
