2036 3125
769 359 1073 402 -223—

446 473 489 511 A.
522 471 700 509 Tenlacula
720 473 751 507 in
770 474 915 518 margine
933 470 984 506 vel
992 481 1093 515 prope
1109 470 1285 516 marginem
1303 468 1404 506 obvia.

237 556 262 595 l.
312 554 522 592 Ventriculus
552 555 621 591 sine
645 552 881 603 appendicibus
905 550 1055 595 saccatiS,
1087 551 1144 587 sed
1170 549 1243 587 solis
1269 549 1433 587 canalibus
1458 563 1608 588 vasorum
1633 552 1699 588 for-

309 640 398 664 mam
423 624 653 662 exhibentibus
680 622 870 671 (intestinis)
899 622 1086 658 instructus.

284 700 319 746 a)
348 695 522 733 Tentacula
548 695 581 731 in
606 693 686 730 disci
713 693 857 742 margine
874 702 905 730 et
919 692 1003 729 infra
1027 691 1107 728 disci
1127 692 1320 741 marginem.
1347 690 1522 729 Slhenonia
1538 690 1694 728 Eschscli.

286 768 325 817 b)
349 765 524 803 Tentacula
549 766 584 802 in
609 764 762 802 inferiore
786 764 866 801 disci
892 764 984 802 facie.
1018 762 1276 811 Phacellophora
1294 764 1350 803 Br.

223 838 263 876 Η.
314 836 525 874 Ventriculus
549 835 784 886 appendicibus
810 835 942 871 saccatis
967 835 1160 872 instructus.

282 912 316 958 a)
345 907 519 946 Tentacula
545 909 582 944 in
600 907 751 944 inferiore
776 907 855 944 disci
881 907 1010 957 pagina.
1055 906 1192 957 Cyanea
1215 907 1374 945 Eschsch.

282 979 321 1028 b)
345 978 519 1015 Tentacula
546 976 745 1026 marginalia.

345 1053 386 1098 α)
414 1049 591 1086 Tentacula
617 1062 791 1085 numerosa
819 1062 836 1084 e
861 1047 964 1084 canali
989 1048 1158 1097 marginali
1183 1049 1387 1098 prodeuntia.
1426 1049 1571 1085 Aurelia.
1597 1048 1669 1083 Per.

344 1125 382 1171 β)
411 1119 589 1156 Tentacula
625 1129 715 1163 octo,
756 1132 896 1168 quorum
935 1118 1072 1167 quodvis
1098 1133 1172 1155 cum
1198 1117 1298 1155 canali
1324 1132 1340 1155 e
1365 1117 1541 1154 ventriculo
1567 1126 1700 1152 exeunte

407 1192 631 1241 conjunctum.
666 1189 811 1238 Pelagia
837 1189 909 1226 Per.

344 1267 380 1314 γ)
409 1262 585 1301 Tentaeula
620 1268 667 1300 24
693 1262 744 1299 vel
769 1261 881 1312 plura,
925 1274 1066 1311 quorum
1092 1261 1228 1310 quodvis
1253 1275 1328 1298 cum
1353 1259 1455 1299 canali
1481 1274 1498 1297 e
1523 1258 1700 1296 ventriculo

402 1336 583 1385 prodeunte
609 1333 837 1382 cunjunctum.
892 1331 1077 1380 Chrysaora
1102 1331 1175 1368 Per.

621 1417 663 1453 B.
713 1414 748 1450 T
748 1416 893 1451 emacula
912 1416 1010 1451 nulla.

534 1498 669 1547 thyra
694 1497 849 1533 Eschsch.
879 1495 1036 1547 (Euryale
1062 1506 1093 1533 et
1118 1497 1252 1548 Ephyra
1277 1496 1370 1546 Per.)

566 1587 584 1618 1
616 1579 733 1617 Genus.
777 1580 1166 1617 PnAcmLopnons
1191 1578 1254 1618 ΒΓ.

431 1661 687 1700 Tentaculorum
711 1660 854 1698 fasciculi
878 1662 1019 1699 sedecim
1045 1662 1079 1699 in
1105 1663 1254 1699 inferiore
1280 1661 1358 1698 disci
1384 1660 1462 1697 facie
1480 1657 1654 1700 unisci'iati²
1680 1672 1696 1693 c

333 1737 408 1775 sinu
431 1735 597 1773 vasculoso
622 1743 754 1771 arcuato
779 1733 988 1785 prodeuntes.
1025 1733 1235 1773 Ventriculus
1248 1732 1400 1783 simplex.
1425 1745 1495 1769 vasa
1513 1730 1697 1778 (intestina)

332 1809 472 1859 plurima
498 1807 657 1848 emittens.

142 1883 236 1932 spec.
262 1887 294 1918 1.
331 1879 728 1917 Pnscmropnom
751 1879 970 1915 camischaizka
989 1878 1054 1916 Br.

431 1952 562 1987 MEDU
572 1960 622 1987 SA
647 1965 680 1987 u.
709 1957 764 1988 13.
784 1951 865 1988 Mss.
886 1951 1065 1988 Merlensii.

434 2022 588 2072 Corporis
615 2021 741 2072 hyalini
767 2021 921 2058 diameter
946 2022 1011 2058 fere
1036 2020 1207 2072 bipedalis,
1232 2020 1376 2070 margine
1401 2018 1483 2055 lobis
1502 2024 1548 2054 52
1563 2017 1698 2053 alterna-

347 2094 407 2130 tim
443 2093 626 2130 minoribus
659 2093 826 2130 instructo.
890 2093 1027 2130 Brachia
1060 2093 1238 2130 admodum
1272 2091 1418 2135 evoluta,
1455 2090 1521 2126 fere
1546 2087 1700 2135 oblongo-

352 2163 537 2207 lanceolata,
563 2163 690 2214 corpori
716 2162 895 2201 concolora.
928 2163 1103 2201 Tentacula
1129 2163 1330 2200 rufescentia.
1367 2162 1454 2198 Vasa
1480 2157 1699 2196 suscescentia.

450 2236 489 2272 ln
514 2236 615 2272 Portu
640 2235 688 2272 St.
715 2235 803 2271 Petri
830 2245 861 2272 et
886 2235 978 2272 P'auli
1005 2234 1197 2272 Peninsulae
1229 2233 1491 2271 Camtschaticae.

379 2335 402 2365 2
431 2327 549 2365 Genus.
600 2328 720 2365 CYAN
731 2338 787 2364 EA
812 2328 934 2366 Peron.
952 2329 1100 2366 Eschsch‘.
1124 2328 1257 2378 Cyanen
1277 2326 1358 2364 Cuv.
1379 2340 1408 2362 e.
1428 2339 1463 2370 p.

446 2411 656 2448 Ventriculus
695 2412 929 2462 appendicibus
965 2411 1096 2448 saccatis
1116 2408 1512 2457 alternatim'minoribus.
1562 2405 1699 2454 Appen-

353 2481 461 2518 dicum
488 2483 625 2532 cujusvis
650 2483 784 2520 inferior
812 2484 915 2533 paries
941 2497 1010 2520 area
1037 2483 1183 2533 propria,
1216 2479 1420 2517 transversim
1447 2478 1563 2530 plicata
1589 2476 1697 2512 obtec-
