2036 3125
815 352 873 361 -.
931 343 1121 386 209-

793 439 833 475 Β.
860 439 1074 475 RfflzoBoLA
1093 438 1150 472 ΒΓ.

500 508 663 546 Animalia
690 507 781 558 plura
803 509 915 544 baseos
939 507 1043 556 (pallii
1063 506 1295 556 elongationis)
1316 516 1512 552 attenuatae,
1530 511 1756 560 radiciformis‚

401 568 605 606 stoloniserae
630 582 692 617 ope
716 567 857 616 scopulis
876 566 923 603 vel
944 567 1014 603 aliis
1034 567 1226 616 corporibus
1246 568 1441 605 submarinis
1462 569 1644 609 insidentia.

517 640 634 677 Genus.
666 641 913 676 ZOANTEUS.
941 638 1101 683 Lesueum
1128 638 1311 683 Blamvdle,
1332 639 1480 678 Ehrenb.

498 717 748 751 ZOANTHUS
769 713 885 750 Cuviei·
910 723 940 750 et
965 715 1132 751 Lessone.
1153 728 1186 764 p.

386 784 563 820 Tentacula
585 785 741 827 indivisa,
761 784 900 834 simplici
918 785 964 834 (?)
982 785 1032 821 vel
1052 784 1174 834 duplici
1193 785 1285 823 serie.

193 854 289 902 Spec.
318 863 350 894 1.
397 857 638 893 ZOANTnUs
659 854 913 891 MertensiiBr.

496 927 749 962 ZOANTHUS.
775 941 806 963 η.
838 933 867 963 1.
888 925 973 963 Mss.
993 924 1173 964 Maiensis.

502 995 657 1044 Corporis
677 995 788 1031 clavati
810 1004 841 1030 et
859 996 971 1031 baseos
990 997 1205 1033 radicisormis
1225 997 1313 1033 color
1331 1012 1347 1033 e
1372 999 1566 1037 fuscescente
1594 1002 1761 1050 olivaeens,

400 1066 478 1102 disci
499 1066 579 1101 laete
599 1065 768 1101 olivaceus.
819 1065 994 1101 Tentacula
1016 1066 1108 1116 apice
1128 1077 1220 1103 acuta
1240 1068 1273 1103 in
1294 1069 1406 1116 quavis
1427 1070 1507 1106 serie
1529 1079 1586 1108 32.

498 1137 535 1171 In
556 1135 706 1171 litoribus
725 1135 849 1172 Insulae
869 1136 985 1173 Ualan.

499 1207 638 1243 Observ.
659 1208 690 1243 A
710 1208 860 1243 Zoamho
880 1208 1000 1244 sociato
1021 1209 1119 1257 (Cuv.
1140 1209 1253 1257 Regne
1272 1209 1372 1246 anim.
1393 1217 1415 1247 2
1435 1211 1488 1248 ed.
1502 1212 1543 1249 T.
1557 1213 1611 1250 ΙΙΙ.
1626 1229 1658 1265 p.
1672 1221 1760 1268 293)

399 1286 526 1325 practer
546 1277 684 1326 patriam
707 1278 852 1326 corporis
872 1278 975 1313 forma
990 1288 1020 1314 et
1036 1278 1269 1314 ientaculorum
1284 1294 1419 1316 numero
1433 1283 1562 1330 majori,
1584 1299 1599 1320 a
1615 1287 1762 1325 Zoamho

398 1347 568 1383 Solanderi
597 1348 756 1395 (Lesueur
780 1348 883 1385 Mem.
917 1348 1019 1385 Acad.
1053 1363 1096 1385 sc.
1130 1358 1194 1384 nat.
1218 1349 1347 1385 Philad.
1368 1351 1408 1386 T.
1437 1353 1460 1388 Ι.
1480 1366 1511 1401 p.
1537 1362 1616 1392 177.
1637 1359 1703 1396 tab.
1726 1368 1760 1398 8,

400 1417 457 1465 fig.
483 1419 530 1464 1.)
566 1426 673 1453 autem
710 1417 868 1466 corporiS‚
907 1432 1005 1467 porro
1038 1419 1182 1454 radicum
1204 1419 1323 1462 forma,
1363 1435 1420 1457 nec
1441 1436 1505 1458 non
1526 1427 1763 1468 tentaculorum

400 1486 610 1535 dispositione
631 1495 661 1522 et
681 1487 803 1522 subolis
825 1487 949 1523 ratione
963 1487 1119 1524 diversus.
1145 1489 1316 1525 Zoanthus
1336 1491 1527 1528 Bertholctii
1550 1495 1762 1548 (Ehrenberg

402 1557 421 1595 l.
443 1557 465 1594 l.
486 1571 519 1607 p.
539 1565 621 1595 270.
642 1571 674 1594 n.
689 1560 741 1606 2.)
764 1557 905 1594 tentacul
919 1574 933 1594 s
954 1557 1079 1595 clavatis
1100 1574 1117 1595 a
1136 1559 1268 1609 reliquis
1288 1561 1457 1610 speciebus
1476 1562 1568 1600 valde
1592 1566 1761 1619 discrepat.

764 1639 1019 1676 ACTININA
1047 1641 1195 1677 Ehrenb.

499 1708 664 1745 Animalia
697 1709 837 1746 solitaria
872 1711 980 1747 mollia
1013 1721 1070 1748 aut
1101 1712 1305 1749 subcoriacea
1330 1713 1436 1751 locum
1455 1727 1572 1766 sponte
1592 1721 1762 1766 mutantia,

401 1787 492 1829 parte
512 1779 560 1815 ori
580 1780 728 1830 opposita
752 1780 866 1830 (pede)
886 1781 971 1817 saxis
989 1781 1124 1832 aliisque
1144 1783 1336 1833 corporibus
1355 1795 1470 1835 sponte
1490 1801 1523 1823 se
1541 1802 1575 1824 se
1587 1788 1763 1838 affligentia,

398 1849 549 1899 ovipara,
567 1865 641 1886 raro
661 1851 858 1900 gemmipara
871 1880 879 1895 ‚
900 1866 1079 1901 numquam
1101 1863 1217 1902 sponte
1236 1854 1380 1892 dividua.

656 1932 843 1967 SECTJO
877 1933 1212 1970 ACTINIACEA
1243 1936 1299 1972 ΒΓ.

500 2002 662 2039 Verrucae
682 2007 840 2040 suctoriae
865 2004 944 2040 disci
966 2004 1084 2041 nullae.
1135 2006 1210 2042 Pori
1232 2005 1375 2043 laterales
1395 2007 1488 2046 nulli.

554 2071 664 2109 Genus
688 2073 880 2111 ACTINIA
900 2075 989 2118 Hm,
1019 2075 1153 2121 Brown,
1179 2075 1387 2125 Ehrenberg.

398 2141 581 2179 Aenum
602 2143 720 2186 Limne,
742 2143 774 2178 C
775 2149 869 2187 uarier,
891 2145 1068 2189 Lanmrck,
1089 2145 1283 2193 Bruguiere,
1303 2147 1387 2184 Bosc
1405 2156 1437 2185 el
1454 2151 1589 2186 aliorum
1614 2163 1642 2186 e.
1663 2166 1700 2198 p.

713 2215 831 2264 Hydra
847 2215 1016 2262 Gaerlner,
1037 2226 1068 2254 et
1093 2217 1218 2254 Gmelin
1242 2234 1269 2256 e.
1288 2235 1324 2265 p.

499 2283 677 2320 Tentacula
695 2285 865 2335 simplicia,
887 2288 1078 2331 susiformia‚
1099 2289 1248 2338 oblonga,
1268 2290 1317 2326 vel
1337 2290 1501 2327 filiformia
1515 2290 1563 2328 vel
1577 2290 1695 2329 clavata
1709 2291 1758 2329 vel

403 2351 552 2405 cupitam,
567 2353 602 2390 in
616 2355 709 2391 orbes
726 2356 887 2406 simplices
908 2357 953 2393 vel
976 2357 1085 2407 plures
1103 2359 1272 2396 distinctos
1286 2360 1331 2396 vel
1346 2361 1394 2396 vix
1410 2360 1579 2397 distinctos
1592 2361 1758 2412 disposita.

501 2424 639 2462 Observ.
660 2427 687 2462 E
706 2427 811 2464 causis
830 2428 863 2464 in
883 2429 1032 2479 ampliori
1051 2440 1193 2467 nactam
1212 2431 1252 2467 de
1260 2432 1399 2468 Actiniis
1410 2432 1635 2469 Mertensianis
1655 2432 1758 2470 fusius

405 2496 625 2543 exponendis,
644 2511 726 2546 quae
745 2499 892 2549 sequitur
908 2500 1112 2537 Actiniarum
1133 2501 1260 2550 generis
1278 2501 1469 2538 divisionem
1489 2502 1624 2540 tentavi.

1495 2578 1549 2621 29
