2036 3125
945 310 1247 353 -232—

615 419 653 456 B.
680 419 839 468 Squamae
865 418 1050 456 imbricatae
1070 420 1214 458 canalem
1235 424 1445 463 nutritorium
1465 429 1663 478 obtegentes.
1698 435 1874 473 Tentacula

517 488 643 537 singula
657 488 812 525 tubulosa
825 488 964 540 hispida,
975 493 1064 541 apice
1079 491 1222 530 dilatata.
1241 494 1399 544 (Subgen.
1414 497 1443 532 D
1450 508 1463 534 1
1470 510 1492 534 P
1499 511 1523 535 Η
1532 511 1556 536 Υ
1564 513 1586 538 o
1593 513 1623 538 M
1630 514 1681 541 on
1689 518 1710 543 P
1718 520 1743 544 Η
1750 517 1775 544 Λ
1793 508 1870 558 Br.)

315 565 405 616 Spec.
434 575 468 606 2,
517 569 549 607 D
556 579 571 606 1
576 581 597 606 P
605 581 630 607 Η
637 581 664 606 Y
671 582 694 606 E
701 581 719 607 s
738 569 959 616 Stephanomia
982 573 1082 611 Meri.

288 2172 379 2219 Spec.
410 2182 439 2210 1.

615 651 748 688 Animal
773 653 863 702 quod
889 653 930 689 ad
956 663 1061 703 partes
1081 657 1302 705 cartilagineas
1320 659 1474 711 Dt'plzyae
1491 664 1616 710 dispari
1630 667 1665 704 in
1683 671 1871 710 universum

515 721 635 766 simile,
668 722 831 759 diversum
862 733 974 761 autem
1001 726 1126 763 tubulis
1159 729 1311 766 suctoriis
1344 732 1412 769 basi
1439 734 1530 770 haud
1549 736 1707 786 dilatatis,
1736 743 1870 792 singulis

513 791 684 829 tentaculis
709 793 856 843 hispidis,
882 796 972 844 apice
999 796 1137 834 dilatatis
1157 807 1188 834 et
1206 800 1414 850 subpeltatisc
1461 806 1587 843 canalis
1607 811 1870 859 reproductorius

513 861 630 911 pallide
649 877 849 913 purpureus.

609 943 712 994 Capta
730 945 793 980 sub
814 944 997 983 latitudiuis
1018 949 1224 987 occidentalis
1244 962 1360 1001 quarto
1381 963 1411 991 et
1430 955 1640 1006 longitudinis
1668 969 1734 1001 127
1751 967 1864 1014 gradu.

605 1024 740 1062 Observ.
778 1026 969 1072 Character,
988 1042 1085 1077 quem
1105 1030 1384 1080 Eschscholtzius,
1405 1037 1645 1088 Acalepharum
1666 1043 1865 1085 felicissimus

510 1093 691 1142 indagator,
714 1096 822 1143 generi
843 1096 993 1148 Diphyes
1012 1099 1104 1136 dedit
1122 1103 1237 1149 speciei
1255 1119 1271 1140 a
1287 1106 1463 1144 Mertcnsio
1483 1110 1666 1150 observatae
1686 1129 1752 1152 non
1772 1132 1865 1167 pror-

507 1177 562 1199 sus
589 1167 755 1209 convenit,
787 1181 886 1215 quare
907 1182 976 1204 eam
994 1170 1166 1219 subgeneri
1187 1184 1330 1211 recenter
1354 1188 1458 1214 creato
1481 1181 1644 1222 addimus.
1668 1209 1713 1213 —
1752 1189 1863 1236 Quam

509 1234 618 1271 Amic.
638 1236 755 1283 ,ΜΕ-μή
775 1238 1013 1275 accuratissime
1032 1241 1215 1279 observavit
1234 1245 1380 1296 Diphyes
1400 1249 1536 1288 formam
1555 1254 1653 1301 (Nov.
1668 1258 1743 1295 Act.
1759 1260 1864 1298 Acad.

508 1303 597 1339 Caes.
624 1305 721 1355 Leop.
746 1307 787 1345 T.
813 1308 919 1344 XVII.
940 1309 1056 1360 Suppl.
1077 1325 1108 1360 p.
1129 1319 1199 1350 208
1220 1329 1275 1351 seu
1298 1317 1391 1352 Reise
1409 1321 1498 1357 Zool.
1519 1324 1582 1362 Th.
1602 1340 1635 1375 p.
1656 1332 1743 1378 352)
1765 1344 1861 1379 squa-

509 1374 570 1408 mis
590 1374 767 1413 imbricatis
787 1392 862 1414 cum
883 1379 1015 1430 Diphye
1035 1383 1270 1431 Stephanomia
1292 1391 1456 1434 convenit,
1477 1396 1713 1436 tentaculorum
1736 1402 1859 1441 ratione

507 1445 636 1489 differt,
655 1447 793 1497 speciem
813 1449 916 1497 igitur
934 1451 1041 1487 forsan
1061 1454 1202 1490 mediam
1222 1455 1309 1493 inter
1324 1459 1489 1508 subgenus
1510 1464 1542 1501 A
1562 1475 1591 1502 ct
1611 1468 1638 1503 B
1658 1471 1753 1508 sistit.

712 1540 850 1577 Familia
873 1542 1265 1584 PanornonmAE
1284 1549 1439 1590 Eschsch.

602 1621 729 1671 Corpus
761 1631 851 1671 parte
882 1625 1045 1674 superiore
1066 1628 1182 1664 veseina
1202 1630 1334 1668 aurifera
1353 1633 1562 1682 instructum,
1597 1643 1651 1678 cui
1671 1645 1787 1681 cavitas
1807 1649 1855 1684 vel

503 1691 621 1727 canalis
653 1701 755 1728 tectus
775 1692 824 1729 vel
843 1694 923 1730 adeo
943 1696 1084 1733 inclusus
1103 1698 1152 1734 vel
1173 1701 1283 1737 nudus
1303 1703 1419 1741 affixus
1437 1721 1512 1744 cum
1532 1714 1767 1759 appendicibus
1786 1721 1856 1755 suis

500 1762 687 1798 nutritionis
707 1772 737 1798 et
762 1766 1003 1814 propagationis
1022 1768 1042 1804 i.
1062 1782 1089 1804 e.
1108 1771 1366 1819 reproductionis
1386 1790 1503 1825 organa
1524 1781 1689 1823 exhibens.

748 1856 937 1905 Subsamilia
957 1859 1295 1901 Pnysopnonmz
1325 1867 1387 1904 ΒΓ.

570 1935 640 1971 Sub
660 1938 761 1972 vesica
782 1952 891 1988 parva,
911 1942 1000 1977 nuda
1022 1945 1238 1993 appendicum
1260 1947 1536 1997 cartilaginearum
1553 1955 1747 2005 bilobarum‚
1764 1964 1850 2003 intus

500 2018 650 2042 cavarum
671 2008 767 2044 series
785 2009 889 2054 duae,
909 2012 1076 2051 distichae.
1117 2016 1291 2052 Tentacula
1311 2023 1498 2070 composita.

775 2101 883 2138 Genus
907 2103 1222 2144 PanoPnonA.
1248 2108 1368 2147 Forsk.

495 2175 800 2217 ansopnonA
824 2185 973 2231 ambzgrua
993 2186 1055 2224 Br.

567 2258 639 2296 Hoc
653 2263 783 2298 nomine
798 2264 1005 2314 designamus
1019 2271 1219 2319 superiorem
1234 2283 1357 2323 partem
1372 2276 1518 2314 animalis
1530 2280 1615 2318 inter
1631 2290 1650 2320 5
1665 2284 1843 2325 latitudinis

493 2337 523 2363 et
548 2336 614 2367 127
638 2330 851 2380 longitudinis
871 2339 1077 2377 occidentalis
1096 2351 1239 2391 captam,
1259 2360 1342 2394 quae
1360 2348 1499 2395 speciem
1522 2349 1746 2400 Physophorae
1764 2355 1843 2394 [Πη-

491 2411 644 2437 εοηεηιαε
663 2404 795 2452 quidem
817 2405 966 2453 similem,
987 2411 1042 2446 sed
1059 2413 1208 2461 partibus
1222 2415 1432 2465 cartilagineis
1445 2418 1562 2468 pallide
1577 2424 1674 2460 roseis
1689 2426 1841 2477 utrinque
