2036 3125
290 603 380 654 Spec.
408 610 442 640 3.

298 2196 389 2246 Spec.
420 2203 450 2235 1.

917 349 1215 403 -240-

497 462 598 509 gineis
623 458 741 495 notatis
766 468 797 495 et
822 458 862 494 ad
888 458 1066 507 marginem
1093 458 1238 494 coeruleo
1265 460 1393 502 notatis,
1421 474 1478 497 nec
1504 476 1568 499 non
1588 472 1667 499 testa
1688 464 1850 501 ssavicante

498 531 621 568 differt.

495 604 698 639 VELELLA
723 602 859 648 oblonga
883 615 952 639 mr.
981 609 1059 637 testa
1084 600 1157 636 alba
1183 599 1330 636 coeruleo
1356 601 1490 638 striata?
1524 607 1539 620 ⁰

588 675 794 709 VELELLA
831 673 964 719 oblonga
1001 672 1112 708 Cham.
1145 672 1226 708 Nor.
1258 671 1332 708 Act.
1358 672 1467 708 Acad.
1494 671 1592 710 Caes:
1614 673 1713 720 Leop.
1733 676 1777 714 T.
1797 677 1851 716 Χ.

493 759 529 791 p.
550 750 634 780 364.
654 744 717 780 tab.
738 746 875 790 32.fig.
895 750 928 779 2.
954 743 999 779 Α.
1027 743 1074 778 Β.
1095 765 1141 771 -
1161 743 1309 779 Eschsclz.
1334 743 1355 779 l.
1381 743 1403 778 l.
1425 757 1461 787 p.
1492 745 1593 780 171.?

595 814 793 862 Diagnoseos
818 812 1123 849 Esehscholizianae
1150 812 1263 848 verba:
1302 821 1408 855 „testa
1433 813 1597 862 elongata,
1623 825 1776 863 angusta,
1803 818 1853 854 lu-

488 885 588 921 cida·‘
626 885 702 920 salis
740 884 821 919 bene
857 884 898 920 ad
925 883 1008 919 hanc
1033 882 1188 919 Velellam
1216 883 1391 932 quadrant.
1441 884 1479 919 In
1506 884 1719 935 descriptione
1744 896 1852 925 autem

492 944 755 991 Eschscholtzins
784 963 898 991 testam
929 954 1159 990 suscescentem
1185 963 1277 990 vocat
1303 968 1376 990 cum
1404 954 1625 992 Chamissone.
1675 956 1787 1004 Quam
1810 960 1852 996 ob

491 1040 630 1067 eausam,
657 1035 687 1061 et
714 1040 787 1061 cum
814 1025 848 1061 in
875 1035 984 1061 nostra
1009 1024 1115 1061 velum
1142 1025 1251 1060 minus
1272 1024 1376 1061 latum
1395 1026 1448 1068 sit,
1475 1039 1534 1075 pro
1561 1035 1646 1063 certo
1671 1040 1738 1062 non
1763 1026 1850 1063 assu·-

488 1109 632 1139 marem,
671 1109 750 1131 num
787 1096 832 1131 sit
870 1109 904 1131 re
941 1109 1014 1131 vera
1048 1109 1135 1132 mera
1161 1103 1289 1133 tantum
1322 1095 1456 1132 varietas
1488 1095 1537 1132 vel
1561 1096 1684 1146 species
1710 1098 1852 1146 propria,

497 1163 623 1203 Velella
648 1167 796 1214 elongata
820 1166 969 1203 dicenda.

776 1246 962 1293 SuIBJamilia
990 1246 1045 1281 Po
1055 1257 1107 1281 Rp
1117 1257 1204 1282 lTlN
1215 1256 1270 1282 ΑΕ
1302 1248 1366 1284 Br.

602 1317 729 1366 Corpus
754 1331 852 1365 supra
878 1316 1030 1365 planum,
1064 1318 1163 1353 crista
1188 1317 1395 1361 destitutum,
1422 1327 1502 1355 testa
1526 1320 1686 1362 rotunda,
1713 1320 1852 1355 calcarea

500 1387 676 1425 munitum.
715 1387 828 1425 Genus
854 1386 1004 1433 Porpz'la.
1030 1387 1148 1424 Lmnk.

904 1469 1013 1505 Genus
1038 1470 1243 1506 PORPITA.

594 1542 724 1589 Corpus
749 1539 946 1583 orbiculare,
983 1553 1081 1589 supra
1108 1539 1263 1589 planum,
1289 1540 1378 1577 intus
1405 1550 1486 1578 testa
1513 1541 1664 1584 caletum,
1692 1541 1853 1584 ccllulosa,

498 1611 640 1648 rotunda
672 1611 879 1647 inslructum.
939 1610 1117 1647 Tentacula
1144 1610 1332 1659 marginalia
1360 1612 1438 1654 tri-,
1465 1627 1540 1649 sex·
1563 1611 1611 1648 vel
1638 1611 1854 1661 pluriserima,

494 1680 723 1731 appendiculis
754 1680 901 1717 suctoriis
927 1680 1121 1730 plerumque
1147 1681 1276 1717 trifariis
1301 1682 1438 1718 obsessa.
1482 1682 1665 1731 Superioris
1697 1694 1754 1716 seu
1780 1680 1854 1714 dor-

496 1751 571 1787 salis
598 1750 688 1786 serici
714 1750 876 1787 tentacula
901 1751 1105 1794 brevissima,
1144 1751 1323 1793 inferioris,
1349 1751 1372 1789 i.
1400 1766 1428 1787 e.
1454 1751 1502 1787 ori
1529 1751 1695 1793 adversae,
1734 1748 1854 1796 longis-

495 1821 587 1858 sima.
637 1822 674 1857 In
712 1820 790 1857 facie
829 1821 1030 1859 abdominali
1068 1835 1125 1857 seu
1164 1820 1560 1870 infe1·iore‚proboscidcs
1598 1819 1674 1869 plus
1705 1819 1853 1854 minusve

497 1905 704 1933 numerosae,
729 1905 869 1940 quarum
896 1905 960 1928 una
986 1890 1134 1928 centralis
1161 1891 1317 1934 maxima,
1343 1904 1378 1926 os
1403 1890 1559 1934 referens‚
1585 1899 1622 1927 ut
1648 1890 1682 1926 iu
1710 1888 1853 1927 Velellis.

718 1972 741 2009 S
767 1986 783 2010 e
808 1986 824 2008 c
851 1981 865 2009 t
890 1973 900 2008 i
926 1987 945 2008 o
999 1980 1030 2009 1.
1076 1973 1181 2022 (Num
1206 1972 1419 2020 Subgenus?)

602 2053 829 2096 proboscidas,
871 2062 998 2105 praeter
1035 2053 1261 2103 proboscidem
1290 2051 1476 2095 neutralem,
1514 2051 1549 2088 in
1575 2052 1664 2089 faciei
1690 2052 1852 2089 inferioris

494 2124 638 2172 margine
664 2133 804 2161 lantum.

500 2195 695 2231 PORPITA
719 2196 847 2231 radiala
866 2195 928 2232 Br.

600 2266 795 2301 Poflmm
820 2281 852 2302 u.
883 2273 913 2302 1.
940 2266 1021 2302 Mss.
1051 2265 1226 2302 Merlensii.

599 2335 717 2372 Discus
744 2340 760 2383 ἐ
788 2335 912 2385 pollicis
937 2335 1109 2378 diametro,
1142 2349 1238 2385 supra
1265 2334 1344 2370 laete
1371 2347 1524 2384 cyaneus,
1551 2331 1649 2368 radiis
1672 2339 1722 2369 16
1747 2331 1850 2368 brun-

497 2407 566 2442 neis
592 2406 770 2444 instructus
795 2406 962 2455 limboque
988 2415 1124 2455 angusto
1150 2407 1286 2442 obscure
1311 2419 1432 2455 cyaneo
1457 2404 1594 2440 cinctus.
1655 2401 1846 2439 Tentaculo-

495 2491 568 2513 rum
596 2479 691 2514 series
717 2491 782 2514 sex.
833 2477 1008 2514 Tentacula
1035 2477 1179 2526 longiora
1205 2477 1291 2513 disco
1316 2475 1414 2525 triplo
1441 2475 1594 2524 longiora.
