2036 3125
254 619 345 668 Spec.
376 624 406 654 1.

881 343 1182 386 —236—

567 461 702 497 Observ.
753 458 866 493 Genus
886 464 1064 492 memoratu
1084 454 1328 503 dignissimum,
1351 455 1451 491 vesica
1471 456 1511 493 ad
1529 457 1715 508 Physalias,
1736 458 1809 494 reli-

461 547 599 583 quarum
620 531 762 581 partium
782 527 1035 563 conformatione
1055 525 1098 562 ad
1117 524 1302 574 Agalmidas
1322 525 1468 562 tendens.

457 616 488 651 A
499 622 703 651 ΝῚἫΟΡΗΥ
714 619 765 646 SA
784 622 873 645 rosea
893 609 992 646 Mart.

559 692 709 742 Corporis
729 690 901 740 superioris
927 688 1028 738 partis
1048 687 1202 724 diameter
1222 686 1437 723 transversalis
1457 686 1583 722 circiter
1601 686 1806 736 bipollicaris.

464 768 576 804 Vesica
596 779 770 816 purpurea,
789 764 823 799 in
842 762 1017 812 superioris
1036 761 1135 811 partis
1156 761 1229 797 sinu
1244 761 1423 799 obscurior.
1459 760 1569 797 Partes
1584 759 1807 808 cartilagineae

464 836 624 888 hyalinae.
662 833 840 870 Tentacula
860 831 1140 882 purpurascentia.

561 906 661 955 Capta
681 906 716 940 in
736 903 866 939 Oceano
886 901 1018 952 pacifico
1038 900 1100 936 sub
1120 904 1182 937 36⁰
1203 899 1454 937 50'latitudinis
1464 909 1493 937 et
1509 906 1579 937 214
1595 899 1809 948 longitudinis

465 975 669 1014 occidentalis
688 974 800 1023 gradu.

561 1046 696 1081 Observ.
748 1044 859 1079 Genus
878 1043 1061 1088 Apamia,
1094 1041 1186 1090 cujus
1211 1051 1375 1078 structura
1399 1041 1547 1078 nondum
1583 1041 1658 1077 satis
1683 1041 1811 1089 cognita

456 1126 514 1160 est,
533 1116 683 1166 propriae
701 1113 902 1149 subsamiliae
922 1122 1040 1163 typum
1059 1112 1167 1148 sistere
1189 1112 1326 1155 videtur,
1345 1112 1485 1162 partium
1499 1110 1675 1148 solidarum
1691 1110 1812 1146 ratione

453 1188 494 1225 ad
514 1184 785 1234 Anthophysidas
795 1210 805 1226 ,
824 1183 1061 1219 tentaculorum
1080 1192 1242 1218 structura
1261 1197 1334 1218 vero
1353 1183 1394 1219 ad
1407 1181 1598 1233 Physalidas
1618 1190 1811 1229 vergentem.

551 1254 668 1290 Generi
694 1253 861 1298 Apolemz'a
885 1251 1121 1287 tentaculorum
1140 1260 1300 1287 structura
1319 1261 1350 1288 et
1368 1252 1510 1302 partIum
1531 1251 1811 1299 cartilaginearum

453 1325 630 1376 praesentia
649 1323 755 1359 affinis
775 1323 902 1358 videtur
921 1322 1068 1358 animalis
1088 1322 1207 1372 species
1217 1348 1227 1365 ,
1247 1322 1340 1370 cujus
1356 1322 1563 1357 individuum
1583 1335 1648 1357 non
1665 1321 1741 1358 satis
1761 1321 1812 1356 in-

451 1406 579 1445 tegrum
607 1394 785 1431 observavit
811 1393 1024 1436 Mertensius,
1056 1392 1146 1441 quod
1165 1401 1272 1428 tamen
1290 1392 1473 1427 secundum
1497 1393 1663 1428 Mertensii
1682 1395 1760 1430 Mss.
1781 1403 1812 1429 et

455 1468 594 1517 figuram
625 1476 819 1503 structuram
851 1474 918 1501 tam
944 1463 1138 1513 peculiarem
1164 1461 1281 1505 offert,
1318 1471 1355 1497 ut
1380 1476 1482 1509 genus
1507 1463 1678 1512 proprium
1704 1464 1813 1500 sistere

451 1541 611 1584 videatur,
639 1538 729 1588 quod
754 1537 845 1585 signo
865 1534 1124 1584 interrogationis
1143 1534 1254 1570 addito
1273 1534 1497 1580 Apolemiopsis
1514 1549 1626 1571 vocare
1644 1535 1745 1572 liceat.

727 1628 867 1666 ?Genus
891 1628 1229 1664 APOLEMIOPffls.
1254 1625 1319 1662 Br.

565 1710 692 1748 Canalis
717 1710 981 1761 reproductorius
1005 1708 1186 1751 filiformis‚
1213 1707 1336 1750 tenuis,
1368 1705 1556 1755 elongatuS‚
1580 1709 1635 1743 cui
1660 1707 1813 1743 vesiculae

469 1796 594 1833 parvae,
613 1782 792 1823 biseriatae,
813 1794 910 1830 porro
930 1778 1089 1815 tentacula
1110 1776 1270 1828 simplicia
1291 1778 1429 1814 verrucis
1449 1777 1554 1827 parvis
1574 1777 1813 1827 quadriseriatis

468 1854 609 1894 obsessa;
638 1866 695 1888 nec
720 1866 785 1887 non
806 1850 915 1887 tubuli
934 1849 1099 1886 nutritorii
1120 1849 1260 1892 adnexa,
1280 1857 1310 1885 et
1327 1856 1363 1884 ut
1383 1862 1399 1884 e
1417 1847 1520 1896 ligura
1539 1858 1687 1899 apparet,
1708 1857 1813 1898 parles

469 1923 688 1972 cartilagineae
708 1923 772 1959 sere
791 1921 1000 1958 semilunares
1021 1921 1208 1957 adhaerent.

261 2008 355 2057 Spec.
407 2007 734 2043 Apormnopffls
753 2004 849 2040 dubia
868 2004 931 2041 Br.

566 2087 667 2135 Capta
699 2086 790 2122 haud
822 2085 934 2135 procul
966 2086 1008 2121 ab
1032 2084 1144 2121 insulis
1165 2084 1427 2121 Carolinensibus
1452 2084 1514 2120 sub
1541 2091 1561 2120 S
1583 2078 1765 2121 latitudinis
1783 2095 1814 2120 et

472 2164 542 2195 216
560 2157 771 2204 longitudinis
792 2155 994 2193 occidentalis
1015 2156 1130 2204 gradu.

788 2248 972 2297 Subsamilia
996 2248 1110 2284 ans
1119 2257 1292 2285 ALmAE.

567 2330 678 2367 Vesica
699 2329 845 2380 simplex,
866 2330 916 2366 cui
936 2330 1078 2380 corporis
1097 2344 1216 2378 organa
1236 2329 1405 2366 nutritoria
1425 2336 1454 2364 et
1475 2327 1697 2377 propagationi
1718 2326 1813 2363 desti-

475 2411 546 2437 nata
565 2401 699 2437 adnexa.
743 2400 917 2436 Tentacula
936 2400 1103 2450 simplicia.

573 2471 684 2508 Genus
703 2471 870 2508 Discolabe
888 2471 1038 2507 Eschsch.
1057 2478 1089 2508 el
1112 2471 1266 2520 Physalia
1286 2470 1399 2508 Lamls.
