2036 3125
892 367 1187 409 —228—

780 477 1213 516 POLYSTOMAE.
1251 479 1310 515 ΒΓ.

716 562 862 599 Familia
892 560 1189 598 GERYONIDAE
1218 560 1374 598 Eschsch.

571 658 618 694 Os
636 657 671 693 in
690 655 797 692 oscula
815 654 909 705 plura
931 653 1091 704 simplicia
1112 654 1268 697 divisum,
1288 668 1371 703 quae
1389 654 1424 691 in
1444 654 1629 705 pedunculo
1647 670 1703 692 seu
1716 658 1824 707 potius

471 730 661 782 proboscide
681 743 697 765 e
717 726 860 776 corporis
874 725 1067 762 disciformis
1086 725 1248 761 inferioris
1265 725 1355 762 faciei
1376 735 1486 762 centro
1498 740 1597 776 supra
1610 728 1824 765 ventriculum

466 802 623 850 originem
642 800 778 836 ducente
798 799 860 835 sub
880 797 1041 834 canalium
1060 797 1102 832 ad
1121 796 1343 846 oesophagum
1362 796 1563 833 tendentium
1583 797 1685 833 forma
1706 799 1827 836 discur-

472 881 550 909 runt
568 880 599 906 et
618 870 819 905 nutrimenta
837 868 939 903 fluida
957 881 1013 903 seu
1032 865 1222 902 tenuissima
1243 866 1425 916 excipiunt,
1445 881 1526 916 quae
1545 866 1663 903 deinde
1681 870 1717 904 in
1738 882 1825 905 oeso-

479 942 625 992 phagum
651 940 789 976 ducunt.
826 937 999 974 Proboscis
1023 945 1114 986 parte
1140 945 1283 972 extrema
1301 936 1403 973 libera
1422 936 1528 973 lobata
1548 935 1596 973 vel
1615 936 1757 974 brachiis
1777 940 1826 975 in-

475 1023 608 1051 structa.
657 1011 811 1061 Corporis
831 1010 953 1046 limbus
973 1007 1200 1045 tentaculatus.

659 1121 691 1150 1.
727 1111 844 1149 Genus.
884 1111 1122 1148 GERYONIA
1159 1111 1244 1148 Per.
1276 1118 1308 1147 el
1337 1111 1414 1150 Les.

568 1193 778 1231 Ventriculus
809 1192 1044 1242 appendicibus
1076 1192 1227 1242 pluribus
1250 1194 1300 1241 (4,
1322 1200 1355 1236 6,
1376 1195 1426 1243 8,)
1449 1195 1598 1232 cordatis.
1648 1196 1826 1235 Tentacula

470 1266 641 1305 ventriculi
665 1264 902 1314 appendicibus
921 1277 1059 1299 numero
1078 1263 1233 1312 aequalia.
1271 1264 1480 1301 Pedunculus
1499 1267 1588 1316 apice
1608 1269 1826 1317 appendiculo

463 1338 583 1388 plicato
605 1336 828 1386 (brachiorum
848 1334 1066 1383 rudimento).

265 1424 356 1473 Spec.
386 1429 405 1460 1
458 1420 581 1456 GERY
592 1429 646 1455 oN
657 1428 701 1453 1A
724 1417 917 1465 hexaphylla
936 1417 1021 1453 Per.

569 1490 759 1526 MEDUSA
777 1502 809 1525 n.
839 1494 896 1524 16.
922 1487 1005 1523 Mss.
1031 1487 1204 1523 Mertensii.

570 1561 609 1596 In
622 1560 752 1595 Oceano
770 1557 906 1608 pacifico
924 1557 986 1593 sub
1007 1558 1070 1593 36⁰
1092 1557 1149 1593 50‘
1165 1556 1350 1594 latitudinis
1369 1567 1400 1594 et
1414 1565 1483 1596 211
1496 1559 1709 1611 longitudinis
1721 1566 1826 1613 gradu

473 1632 563 1669 haud
583 1630 696 1682 procul
715 1631 756 1667 ab
776 1629 892 1666 Insulis
910 1628 1216 1665 Boninsimensibus
1236 1629 1416 1667 observata.

683 1745 716 1775 2.
744 1735 861 1774 Genus.
886 1737 1321 1772 PRonoscmAczruA
1346 1735 1412 1772 Br.

569 1818 741 1855 Proboscis
768 1818 857 1868 apice
877 1818 1019 1854 brachiis
1039 1819 1218 1853 numerosis
1230 1846 1238 1860 ,
1270 1817 1490 1868 simplicibus,
1520 1818 1668 1869 oblongis
1687 1823 1825 1862 obsessa.

472 1889 561 1925 Disci
580 1903 691 1937 margo
712 1889 882 1925 tentaculis
902 1888 1091 1932 numerosis,
1111 1887 1292 1924 uniseriatis
1311 1889 1445 1926 cinctus.
1471 1889 1684 1928 Ventriculus
1702 1908 1826 1944 appen-

475 1960 601 1996 dicibus
621 1969 763 2010 quatuor
783 1959 976 1997 lanceolatis.

269 2044 363 2093 Spec.
392 2052 423 2081 1.
475 2044 1144 2090 PBonoscmAcTYLAflavz‘cz'rrhata
1164 2043 1229 2080 ΒΓ.

573 2116 759 2151 MEDUSA
783 2130 817 2152 η.
845 2122 900 2152 18.
927 2115 1006 2151 Mss.
1033 2114 1213 2150 Mericnsii.

581 2185 708 2234 Corpus
727 2185 1007 2235 campanulatum‚
1032 2183 1225 2235 hyalinum,
1245 2184 1402 2221 diametro
1427 2184 1554 2221 circiter
1573 2191 1588 2234 ὲ
1610 2210 1654 2215 -
1669 2189 1824 2238 pollicari,

477 2254 654 2292 Tentacula
673 2254 887 2299 flavescentia,
911 2254 1123 2292 breviuscula.
1168 2257 1254 2291 Vasa
1273 2264 1414 2304 quatuor
1431 2269 1448 2291 e
1466 2256 1644 2292 ventriculo
1663 2259 1826 2307 prodeun-

478 2325 538 2369 tia,
571 2334 643 2362 ante
674 2325 816 2374 corporis
839 2325 1021 2373 marginem
1044 2325 1079 2361 in
1097 2338 1204 2361 ramos
1225 2325 1333 2375 plures
1352 2324 1470 2368 divisa,
1502 2339 1643 2373 quorum
1663 2328 1766 2375 quivis
1784 2330 1825 2365 ad

479 2410 582 2432 unum
606 2394 805 2432 tentaculum
825 2396 940 2431 tendit.

575 2469 613 2504 In
642 2469 743 2504 Portu
768 2467 817 2504 St.
840 2468 926 2504 Petri
946 2477 976 2504 et
995 2467 1088 2504 Pauli
1107 2482 1180 2504 orae
1202 2467 1451 2507 Camtschaticae
1471 2468 1614 2504 octobre
1637 2467 1723 2502 haud
1744 2482 1824 2505 rara.
