2036 3125
762 339 1062 395 *257—

441 453 578 489 ObserV.
592 451 721 487 Praeter
734 449 889 486 Echinum
902 450 1227 500 (Colobocenlrolum)
1247 452 1450 491 LeskiiNob.
1467 452 1515 503 (C
1516 455 1694 492 idaritidem

340 526 508 561 violaceam
537 523 636 560 Leske
674 536 698 559 s.
731 520 893 558 Echinum
923 528 1065 558 afratum
1102 522 1204 559 Gmel.
1235 525 1326 560 [am.
1361 525 1442 562 Cuv.
1467 525 1606 571 Blainv„
1631 542 1697 564 non

341 597 466 633 Linnei.
493 592 556 644 (Π)
584 593 787 644 adjungendi
813 593 891 630 huic
916 593 1088 642 subgeneri
1115 608 1246 644 quoque
1270 596 1410 633 Echinus
1440 598 1549 648 Quoyi
1569 598 1695 639 Blainv.

343 667 431 704 Dict.
457 667 490 703 d.
515 680 559 702 sc.
584 674 650 702 nat.
675 665 716 702 T.
746 671 806 702 57.
830 678 866 714 p.
894 672 951 702 96.
976 679 1033 701 scu
1059 666 1282 703 Echinometra
1307 669 1416 718 taoyz'
1430 670 1469 719 ej.
1497 669 1542 705 ib.
1569 670 1609 706 T.
1637 677 1697 709 60.

341 752 376 787 p.
403 745 486 775 206.
506 745 538 773 et
564 735 711 772 Echinus
730 737 858 786 pedffer
881 735 1007 773 Blainv.
1033 736 1078 773 ib.
1106 738 1146 775 T.
1175 745 1233 776 37.
1258 754 1292 789 p.
1319 746 1376 778 97.
1395 754 1452 777 seu
1469 738 1698 776 Echinometra

337 810 483 860 pedffera
507 810 593 846 Less.
619 807 746 845 Blainv.
772 807 818 845 ib.
839 808 880 845 T.
908 815 966 845 GO.
993 821 1026 858 p.
1053 815 1136 845 206.

665 925 777 963 Genus
807 927 1044 963 CIDAm‘rEs
1077 926 1196 965 Lamk.

445 1007 631 1046 Tubercula
656 1009 775 1057 majora
800 1008 952 1057 spinifera
978 1008 1150 1058 perforata.

582 1110 721 1158 Subgen.
756 1111 782 1146 P
792 1121 849 1146 nr
860 1119 1001 1147 LLACA
1011 1121 1150 1147 NTHUS
1188 1110 1254 1148 Br.

441 1193 561 1243 Spinae
580 1192 719 1242 majores
738 1192 875 1236 solidae,
902 1192 1030 1229 ambitu
1051 1202 1082 1229 et
1103 1192 1329 1241 magnitudine
1348 1193 1526 1230 admodum
1546 1193 1699 1239 evolutae,

343 1267 492 1310 conicae,
516 1264 711 1316 cylindricae
731 1265 780 1301 vel
801 1264 986 1308 filiformes,
1012 1265 1191 1302 tuberculis
1209 1266 1354 1314 magnis,
1379 1267 1414 1302 in
1427 1266 1569 1302 seriebus
1589 1266 1698 1303 decem

349 1337 510 1389 parallelis
560 1336 680 1379 rectis,
730 1335 1088 1385 subaequidistantibus
1103 1365 1114 1382 ,
1169 1336 1253 1372 inter
1305 1336 1382 1373 bina
1434 1337 1699 1375 ambulacrorum

345 1409 499 1445 ordinum
542 1406 633 1456 paria
675 1406 940 1452 occurrentibus,
997 1406 1185 1456 impositae,
1236 1406 1306 1443 basi
1352 1418 1480 1444 tantum
1518 1418 1695 1447 excavatae.

342 1480 462 1530 Spinae
513 1478 654 1514 minores
700 1477 836 1528 planae,
889 1492 1113 1527 compressae,
1165 1488 1317 1527 angustae
1335 1508 1342 1522 ,
1399 1478 1533 1516 lineares
1549 1508 1559 1523 ,
1610 1479 1699 1530 apice

344 1560 529 1595 truncatae,
569 1548 654 1585 soliis
684 1548 861 1585 linearibus
892 1549 1030 1593 similes,
1062 1559 1117 1586 aut
1146 1551 1180 1586 in
1207 1551 1287 1586 areis
1316 1549 1440 1586 falcatis
1473 1549 1521 1586 vel
1552 1549 1700 1593 arcuatis,

342 1620 647 1672 aequidistanthus,
677 1619 854 1670 parallelis,
886 1619 935 1656 vel
961 1620 1046 1656 inter
1071 1620 1314 1657 tuberculorum
1340 1620 1509 1671 spinarum
1535 1621 1700 1671 majorum

341 1692 490 1729 affixioni
528 1690 762 1727 destinatarum
799 1691 898 1727 series
936 1690 984 1727 vel
1022 1690 1108 1727 inter
1144 1690 1405 1727 ambulacrorum
1444 1692 1572 1728 ordines
1597 1691 1700 1728 obviis

341 1761 502 1800 consertae
529 1771 561 1798 et
585 1761 803 1807 subseriatae‚
828 1770 885 1797 aut
911 1761 1021 1798 circuli
1046 1760 1203 1811 simplicis
1229 1761 1333 1797 forma
1357 1761 1562 1810 singulorum
1588 1762 1699 1798 tuber—

341 1834 502 1880 culorum,
526 1834 649 1884 quibus
673 1833 784 1883 spinae
809 1847 945 1882 magnae
970 1833 1156 1883 impositae,
1182 1832 1275 1869 basin
1300 1833 1488 1870 ambientes.
1538 1834 1699 1871 Arearum

341 1904 530 1941 falcatamm
561 1904 672 1954 spinae
711 1918 729 1939 a
750 1903 859 1939 medio
890 1917 1002 1940 versus
1027 1903 1198 1948 exteriora,
1231 1904 1252 1940 i.
1274 1918 1301 1940 e.
1320 1918 1428 1939 versus
1448 1903 1633 1940 ambulacra
1653 1906 1699 1942 vel

343 1975 528 2020 tubercula,
561 1975 723 2024 gradatim
743 1975 897 2024 majores,
931 1984 962 2011 et
987 1974 1037 2011 vel
1065 1989 1173 2011 versus
1193 1974 1454 2011 ambulacrorum
1474 1975 1618 2018 ordines,
1650 1976 1698 2012 vel

343 2047 586 2084 tuberculorum
612 2046 708 2083 series
734 2046 909 2091 dimidiae,
942 2062 1042 2098 quare
1060 2048 1203 2099 corporis
1224 2046 1321 2083 latera
1341 2061 1458 2097 parum
1477 2056 1621 2083 accurate
1641 2047 1700 2083 ob-

343 2119 483 2156 servanti
507 2119 750 2155 decemcostata.
800 2118 956 2168 Spinulae
976 2118 1222 2155 tuberculorum
1243 2119 1334 2155 basin
1354 2119 1532 2154 ambientes
1552 2132 1698 2154 arearum

344 2190 534 2227 salcatarum
559 2190 662 2241 spinis
681 2189 816 2239 majores
837 2199 866 2226 et
885 2205 994 2227 versus
1013 2191 1185 2240 spinarum
1204 2204 1395 2238 magnarum
1416 2189 1508 2225 basin
1529 2189 1562 2224 in
1580 2203 1698 2225 conum

346 2261 564 2300 conniventes.
626 2260 903 2298 Ambulacrorum
938 2261 1069 2297 ordines
1104 2261 1182 2297 recti
1213 2260 1262 2297 vel
1293 2259 1490 2297 subssexuosi
1521 2273 1536 2295 e
1569 2259 1698 2309 parium

344 2333 486 2369 seriebus
517 2331 721 2383 simplicibus
754 2332 938 2383 compositi.
989 2332 1264 2369 Ambulacrorum
1296 2332 1426 2368 ordines
1455 2344 1514 2380 per
1532 2329 1621 2379 paria
1641 2344 1699 2380 ap-

347 2403 541 2454 proximati,
572 2419 644 2440 area
675 2403 918 2453 angustissima,
949 2404 1089 2441 verrucis
1122 2404 1228 2454 parvis
1261 2412 1291 2439 et
1311 2402 1455 2439 minimis
1483 2401 1697 2452 imperforatis

342 2476 473 2520 obsessa¹
487 2476 627 2515 diremti.

1415 2556 1487 2599 36*
