2036 3125
802 345 1103 388 —-‘263--

849 456 1053 493 ORDO

623 538 1300 582 ECHININA.

732 695 876 733 Familia
903 697 1188 736 Ecn1N1nA.

272 770 401 820 (Genus
425 770 565 807 Echinus
584 776 615 805 el
633 769 857 805 Echinomelra
877 783 934 805 var
953 778 1048 813 auct„
1070 784 1128 806 nec
1147 783 1214 806 non
1234 783 1335 820 genus
1354 768 1485 806 Cidaris
1503 769 1650 818 Lamck)

274 854 369 890 Anus
395 852 443 888 ori
468 851 533 888 situ
563 850 702 888 verticuli
726 854 896 902 oppositus
922 861 953 889 et
978 852 1012 888 in
1037 853 1183 903 corporis
1207 853 1306 904 partis
1330 867 1488 890 convexae
1512 853 1628 889 vertice
1652 854 1745 890 situs.

176 924 373 961 Ovariorum
399 933 567 973 aperturae
592 938 720 973 semper
742 924 890 974 quinque
915 925 998 960 circa
1026 938 1126 960 anum
1152 924 1286 974 positae.
1337 923 1539 961 Ambulacra
1564 938 1689 974 semper
1708 925 1745 960 in

174 995 344 1031 ordinibus
373 995 482 1030 decem
507 993 820 1042 longitudinalibus,
853 994 1006 1030 radiatim
1024 994 1066 1030 ab
1087 1008 1142 1030 ore
1161 1009 1271 1031 versus
1291 1008 1393 1031 anum
1413 995 1638 1043 vergentibus,
1669 1007 1748 1042 quo-

172 1079 246 1101 rum
274 1064 347 1100 bini
371 1073 450 1099 sunt
469 1063 531 1099 sibi
551 1063 770 1112 approximati
789 1072 820 1098 et
835 1062 988 1098 ordinum
1011 1077 1070 1112 par
1088 1064 1183 1112 quasi
1203 1064 1420 1100 constituunt.
1470 1063 1747 1099 Ambulacrorum

172 1135 260 1186 paria
295 1133 423 1184 singula
455 1133 490 1170 in
521 1133 676 1169 ordinum
708 1133 852 1169 seriebus
877 1133 1012 1182 singulis
1042 1134 1106 1171 sibi
1130 1134 1433 1185 col-respondentia,
1466 1134 1514 1170 vel
1541 1133 1689 1183 parallela
1717 1142 1747 1168 et

175 1205 353 1247 rectilinea,
378 1202 425 1240 vel
450 1203 485 1239 in
506 1202 599 1239 lineis
619 1206 809 1240 transversis
829 1203 989 1253 parallelis
1009 1203 1082 1254 plus
1103 1205 1252 1241 minusve
1276 1205 1421 1254 obliquis
1446 1219 1502 1241 seu
1523 1205 1679 1245 curvatis,
1706 1204 1746 1239 ab

172 1289 226 1311 ore
248 1289 359 1312 versus
379 1288 479 1311 anum
500 1275 722 1322 vergentibus,
748 1274 887 1311 invicem
908 1275 982 1324 plus
1001 1276 1151 1311 minusve
1169 1276 1300 1312 remotis
1320 1276 1426 1312 obw'a.
1473 1275 1626 1324 Corporis
1647 1275 1748 1324 spinis

174 1346 249 1397 plus
280 1348 429 1383 minusve
460 1345 597 1382 evolutis
630 1355 661 1382 et
693 1346 919 1395 magnitudine
951 1347 1178 1396 inaequalibus
1198 1347 1321 1384 obtecti
1342 1346 1438 1383 latera
1459 1360 1586 1395 semper
1606 1358 1745 1381 convexa

175 1431 353 1467 margoque
372 1416 442 1465 ejus
462 1416 576 1452 faciem
595 1414 715 1453 oralem
735 1416 914 1453 terminans
935 1416 1124 1454 fornicatus.

704 1495 825 1534 Genus.
850 1497 1064 1536 ECHINUS.
1088 1498 1224 1536 Lamck.

566 1567 711 1604 Echinus
730 1578 762 1604 et
779 1568 1041 1618 Echinomelra*)
1065 1568 1156 1619 Gray
1176 1578 1206 1606 ct
1225 1569 1357 1606 Blainv.

274 1638 457 1676 Tubercula
476 1639 597 1689 majora
615 1638 771 1689 spinifera
790 1639 880 1675 haud
901 1639 1073 1690 perforata.

568 1709 708 1757 Subgen.
733 1710 875 1747 STRON
888 1721 1262 1748 GYLOCENTROTUS
1287 1712 1352 1748 Br-

273 1778 385 1816 Aculei
406 1789 535 1824 teretes,
555 1779 713 1824 subulati‚
733 1780 921 1833 conformes
934 1791 964 1817 et
985 1782 1208 1829 magnitudine
1229 1791 1358 1818 tantum
1379 1780 1574 1831 inaequales,

696 1852 719 1888 S
746 1867 762 1889 e
788 1867 804 1888 c
830 1861 842 1889 t
869 1852 878 1888 i
905 1868 924 1888 o
962 1855 1006 1890 V.
1057 1853 1225 1903 Nob.*³-‘)

765 1922 866 1960 Seclio
897 1923 945 1961 D.
972 1923 1155 1962 Blaz'rwillii.

272 1992 549 2030 Ambulacrorum
585 1993 674 2043 paria
715 1995 751 2031 in
788 1995 924 2044 singulis
956 1995 1128 2032 ordinibus
1161 1994 1439 2044 longitudinaliter
1470 1995 1748 2045 quinqueseriata.

175 2064 383 2113 Singularum
410 2065 565 2101 serierum
591 2065 854 2103 ambulacrorum
879 2068 969 2116 paria
993 2067 1058 2103 sibi
1086 2067 1371 2117 correspondentia
1396 2067 1431 2103 in
1451 2066 1551 2102 lineas
1570 2066 1748 2101 subcurvas

344 2165 371 2198 ῆι)
392 2162 481 2188 Genus
511 2161 695 2188 Echinometra
725 2162 794 2189 haud
823 2163 1014 2190 admittendum
1041 2163 1104 2190 mihi
1130 2164 1246 2196 videtum
1274 2163 1324 2190 sola
1344 2163 1412 2190 enim
1432 2162 1544 2198 corporis
1564 2162 1648 2187 forma
1668 2162 1747 2197 magis

395 2214 549 2243 transversa,
568 2215 596 2236 ut
616 2211 691 2236 etiam
711 2210 869 2237 Blainvillius
893 2212 1023 2244 concedit,
1044 2212 1208 2247 cognoscitur
1226 2217 1250 2238 et
1263 2212 1358 2247 species
1378 2210 1543 2246 amplectitur
1560 2209 1629 2235 haud
1654 2220 1749 2244 paucas

397 2257 503 2284 Echinis
527 2259 643 2294 genuinis
663 2265 765 2293 praeter
787 2260 900 2294 corporis
919 2260 1032 2285 formam
1051 2259 1201 2285 simillimas.
1238 2259 1284 2285 Est
1302 2265 1390 2285 autem
1410 2258 1523 2292 corporis
1543 2257 1627 2283 forma
1645 2258 1747 2292 signnm

396 2307 545 2342 neutiquam
573 2313 705 2340 constans,
733 2308 902 2335 inveniuntur
924 2309 994 2334 enim
1018 2309 1085 2334 inter
1113 2308 1208 2343 species
1226 2313 1370 2334 transverso
1389 2315 1496 2341 corpore
1517 2305 1592 2341 vulgo
1612 2306 1748 2331 instructas

394 2354 493 2389 singula
512 2355 656 2389 individua,
677 2366 743 2391 quae
768 2357 810 2382 vix
830 2363 972 2383 ti'ansxersa
992 2357 1044 2382 diet
1063 2362 1174 2392 possunt.

325 2405 375 2439 ΣΝ)
394 2402 523 2428 sectiones
541 2404 638 2438 generis
660 2404 823 2430 Echinorum
843 2404 895 2430 buc
907 2405 998 2431 allatae
1017 2405 1159 2430 sectionum
1179 2405 1300 2431 revisione
1312 2404 1336 2429 in
1348 2404 1441 2430 Museo
1450 2402 1619 2434 Academico,
1633 2399 1746 2426 Echino-

393 2460 453 2476 rum
472 2451 601 2484 speciebus
620 2451 752 2484 ditissimo,
773 2453 885 2478 instituta
906 2453 1038 2483 nituntur,
1057 2463 1136 2488 quam
1156 2453 1182 2479 iu
1201 2452 1322 2487 ampliori
1341 2455 1452 2477 tractatu
1474 2450 1505 2476 de
1524 2448 1748 2476 Ecliiuodermati·

391 2498 438 2522 bus
458 2497 606 2524 Echinaceis
624 2499 704 2525 fusius
723 2510 858 2535 exponam.
