2036 3125
894 356 1198 412 -242-

548 467 1541 513 ECHINODERMATA

969 555 1131 587 ORDO

695 630 1397 668 HOLOTHURINA

800 791 942 827 Familia
970 792 1297 828 Horornnman

366 875 640 912 Holothuriarum
679 872 798 923 species
837 873 941 908 variae
981 881 1012 908 et
1038 885 1228 907 numerosae
1253 885 1270 907 a
1298 871 1542 920 diligentissimo
1568 882 1600 910 et
1624 873 1826 922 sagacissimo

267 946 445 983 Mertensio
483 946 516 981 in
554 945 642 982 orbis
674 955 834 981 terrarum
867 942 1193 990 circumnavigatione
1219 944 1308 979 vivae
1334 943 1533 987 observatae,
1573 954 1604 981 et
1629 959 1695 981 non
1721 945 1826 983 solum
1856 968 1859 971 κ

265 1019 354 1068 quod
372 1018 412 1053 ad
433 1027 597 1053 externam
612 1026 643 1052 et
658 1017 817 1051 internam
831 1003 1027 1051 structuram
1042 1013 1232 1062 descriptae,
1253 1014 1308 1050 sed
1324 1014 1421 1049 etiam
1434 1013 1545 1062 figuris
1559 1014 1828 1054 excellentissimis

266 1090 308 1126 ad
327 1089 396 1125 viva
416 1087 564 1123 animalia
587 1086 723 1136 depictis
742 1085 934 1128 illustratae,
961 1094 1084 1120 tantam
1102 1083 1248 1119 offerunt
1261 1085 1440 1120 formarum
1454 1085 1684 1130 diversitatem,
1710 1095 1746 1122 ut
1759 1087 1829 1122 Ho-

266 1158 485 1195 lothuriarum
512 1157 649 1193 familiae
676 1156 790 1192 revisio
816 1155 991 1191 necessaria
1017 1154 1192 1190 videretur.
1232 1154 1340 1202 Quam
1367 1155 1410 1190 ob
1430 1169 1497 1191 rem
1517 1156 1629 1191 sedulo
1649 1157 1828 1206 perpensis,

266 1243 349 1279 quae
374 1228 569 1264 Me1·tensius
590 1227 754 1263 annotavit
772 1236 804 1262 et
823 1226 998 1262 delineavit
1017 1225 1248 1274 inspectisque,
1274 1235 1435 1273 quantum
1455 1225 1522 1262 fieri
1549 1236 1673 1276 poterat
1697 1229 1827 1279 objectis

267 1300 465 1344 numerosis,
495 1312 575 1348 quae
608 1298 642 1333 in
674 1297 799 1346 liquore
831 1305 954 1333 servata
986 1310 1023 1331 ex
1050 1295 1220 1331 itineribus
1247 1295 1369 1338 retulit,
1409 1311 1467 1333 nec
1492 1311 1558 1333 non
1583 1313 1664 1347 quae
1689 1299 1730 1335 ab
1757 1299 1829 1337 aliis

266 1371 342 1407 viris
368 1370 469 1406 doctis
495 1369 660 1419 proposita
698 1378 776 1404 sunt
814 1367 849 1404 in
887 1381 983 1403 usum
1016 1365 1152 1410 vocati3‚
1192 1380 1308 1402 novam
1349 1381 1530 1417 proponere
1556 1368 1826 1408 Holothuriarum

269 1441 459 1477 divisionem
487 1454 574 1476 nunc
598 1439 765 1475 audemus.

364 1513 473 1561 Ipsius
513 1520 622 1547 autem
661 1509 897 1546 dism'butionis
937 1508 1133 1558 principium
1167 1521 1185 1543 a
1212 1508 1332 1558 pedum
1359 1509 1537 1558 praesentia
1563 1518 1594 1546 et
1619 1509 1828 1559 dispositione

267 1580 314 1616 vel
353 1595 391 1616 ex
427 1581 571 1617 absentia
609 1596 719 1617 eorum
754 1580 931 1630 petendum
967 1593 1031 1615 esse
1065 1588 1236 1629 putamus,
1274 1579 1464 1615 sententiam
1492 1580 1636 1624 Cuvieri,
1661 1580 1828 1618 filicissimi

267 1666 441 1702 corporum
475 1652 673 1688 naturalium
699 1651 913 1700 indagatoris‚
949 1650 1090 1699 sequuti.
1139 1650 1250 1685 Motus
1276 1649 1363 1685 enim
1391 1650 1468 1685 varii
1495 1650 1702 1694 animalium,
1727 1652 1784 1701 qui
1809 1666 1827 1688 a

266 1723 390 1772 pedum
416 1724 540 1759 ratione
566 1737 683 1770 magna
709 1737 747 1758 ex
774 1731 864 1772 parte
891 1714 1067 1757 necessario
1094 1720 1232 1770 pendere
1258 1721 1392 1764 debent,
1419 1721 1520 1756 varias
1545 1735 1675 1770 quoque
1700 1721 1826 1757 vivendi

267 1795 393 1847 generis
431 1794 665 1830 moderationes
705 1794 835 1841 gignere
873 1792 1129 1840 animaliumque
1168 1790 1403 1843 physiologiam
1435 1790 1508 1840 plus
1533 1791 1677 1827 minusve
1702 1800 1827 1827 mutare

268 1865 417 1902 facillime
454 1875 501 1901 est
539 1865 716 1901 intellectu.
780 1864 891 1911 Quare
930 1864 1027 1899 etiam
1065 1864 1154 1911 signa
1192 1876 1208 1898 e
1239 1862 1359 1912 pedum
1397 1862 1519 1898 ratione
1556 1862 1703 1898 desumta
1741 1862 1826 1897 notis

267 1951 284 1972 e
311 1936 453 1986 corporis
478 1937 578 1972 forma
606 1935 808 1985 depromptis
835 1935 1043 1984 praeferenda
1071 1949 1135 1970 esse
1161 1942 1309 1983 apparet.

367 2006 476 2043 Dividi
508 2017 613 2043 autem
645 2015 783 2056 possunt
814 2004 1031 2041 Holothuriae
1063 2005 1206 2054 primum
1233 2004 1368 2054 quidem
1392 2003 1426 2040 in
1452 2002 1600 2040 Pedasus
1625 2010 1655 2037 et
1691 2001 1828 2048 Apodes.

844 2088 869 2125 Ι.
920 2086 1255 2123 PEDATAE.

366 2159 470 2195 Pedes
497 2158 569 2208 plus
595 2158 739 2194 minusve
760 2158 896 2201 evoluti,
923 2157 1011 2193 vario
1032 2157 1130 2193 modo
1156 2156 1304 2206 dispositi

267 2227 405 2265 Pedatae
432 2229 645 2265 Holothuriae
671 2229 815 2278 disjungi
842 2238 979 2279 possunt
1004 2228 1038 2264 in
1065 2227 1297 2274 Homoiopodes
1321 2236 1352 2264 et
1377 2227 1600 2272 Heteropodes.

765 2321 808 2358 A.
860 2320 1319 2358 HOMOIOPODES.

367 2401 467 2437 Pedes
504 2401 591 2450 quod
621 2402 662 2438 ad
693 2402 830 2438 formam
861 2412 1057 2439 structuram
1093 2411 1124 2438 et
1155 2402 1294 2450 figuram
1319 2399 1476 2450 aequales,
1496 2422 1544 2428 —-
1588 2399 1822 2450 Respirationis

268 2484 388 2520 organa
413 2471 535 2507 evoluta
563 2471 948 2520 (Dendropneumones)‚
974 2472 1023 2508 vel
1051 2486 1117 2508 non
1143 2472 1268 2509 evoluta
1303 2471 1579 2520 (Apneumones).
