2036 3125
853 364 909 371 -.
964 355 1040 395 217
1098 363 1155 370 ..-

689 457 725 488 3.
756 449 873 487 Genus.
899 450 1221 486 SricnopnonA.
1248 450 1312 486 Br,

535 533 711 569 Tentacula
733 533 838 582 plura,
864 546 973 582 parva,
1000 532 1142 568 verrucis
1162 532 1290 577 similia,
1312 533 1393 569 areis
1413 534 1563 583 pluribus
1582 536 1745 585 oblongis,
1770 553 1788 575 e

431 605 510 642 disci
537 614 645 641 centro
666 604 813 653 parallele
840 604 1072 640 irradiantibus
1098 604 1177 640 serie
1202 604 1326 654 duplici
1353 605 1514 656 imposita.
1566 608 1719 657 Corporis
1744 608 1792 644 la-

431 687 498 713 tera
524 690 720 724 organorum
750 675 966 711 suctoriorum
989 675 1132 711 seriebus
1156 676 1283 712 obsessa
1309 690 1487 726 eorumque
1513 691 1573 728 ope
1600 678 1790 728 corporibus

430 747 646 783 adhaerentia.
697 746 791 782 Pedis
816 746 901 795 basis
927 761 1082 796 pororum
1107 747 1186 783 orbe
1211 747 1329 785 cincta.

221 828 315 878 Spec.
345 836 377 868 1.
426 829 741 865 STICHOPRORA
768 843 890 877 cyanea
917 830 973 865 ΒΓ.

433 911 617 937 ACTINIA
642 904 752 937 minias
776 902 857 938 Mss.
883 900 1065 938 Merlensii.

531 984 660 1031 Corpus
687 982 767 1018 laete
780 996 951 1031 cyaneum‚
980 990 1025 1018 20
1041 1005 1087 1011 —
1114 992 1285 1019 costatum.
1311 985 1429 1020 Discus
1442 985 1535 1020 albus
1549 986 1639 1021 fusco
1653 985 1794 1022 macula-

434 1064 502 1097 tus,
529 1054 563 1089 in
590 1067 677 1088 areas
704 1060 751 1089 40
777 1052 918 1098 divisuS,
945 1067 1084 1101 quarum
1112 1054 1242 1101 quaevis
1268 1054 1506 1090 lenunculorum
1532 1055 1688 1091 serierum
1715 1057 1796 1093 dua-

432 1126 497 1162 bus
523 1124 684 1175 parallelis
710 1123 849 1160 obsessa.
899 1124 1086 1172 Longitudo
1112 1125 1256 1160 duorum*
1281 1125 1449 1174 pollicum.

533 1207 633 1257 Capta
668 1213 685 1243 1
713 1206 838 1257 Aprilis
865 1206 916 1242 dic
946 1214 1037 1243 1829
1065 1207 1099 1242 in
1126 1221 1245 1243 oceano
1271 1207 1403 1244 australi
1430 1207 1492 1244 sub
1512 1212 1574 1244 35⁰
1600 1210 1659 1243 40‘
1685 1207 1796 1243 latitu-

434 1279 532 1320 dinis,
559 1288 589 1315 et
609 1283 696 1316 358Ο
722 1278 940 1327 longitudinis
965 1278 1080 1326 gradu.

538 1361 677 1397 Observ.
741 1361 899 1407 Quamvis
944 1361 1035 1396 baud
1082 1362 1268 1409 negandum
1307 1361 1363 1405 sit,
1394 1347 1523 1397 ¹animal
1562 1377 1580 1398 a
1619 1363 1798 1399 Mertensio

436 1433 624 1470 ACTINIA
655 1441 826 1468 MYNIAS
852 1431 1057 1467 nominatum
1085 1442 1169 1468 statu
1196 1441 1360 1468 contracto
1380 1447 1455 1468 cum
1480 1432 1582 1481 figura
1606 1432 1798 1470 Cuvieriana

439 1503 605 1555 Myuiadis
630 1502 878 1539 similitudinem
904 1502 1021 1539 habere
1048 1513 1078 1539 et
1099 1503 1237 1540 colorem
1264 1503 1403 1540 similem
1425 1505 1604 1548 ostendere,
1624 1505 1676 1542 vix
1690 1514 1798 1542 tamen

441 1589 501 1624 pro
528 1589 592 1611 uno
619 1574 798 1624 eodemque
823 1574 978 1611 haberem
1007 1583 1044 1610 ut
1063 1575 1182 1611 seriore
1207 1585 1353 1626 tempore
1380 1575 1484 1612 fusius
1510 1590 1682 1626 exponam.

732 1846 1313 1890 ACALEPHAE.

336 2038 578 2090 Acalepliarum
609 2038 699 2075 haud
734 2052 871 2088 parvum
904 2053 1080 2075 numerum
1112 2039 1146 2075 in
1180 2039 1352 2075 itineribus
1387 2039 1569 2075 observavit
1598 2040 1805 2086 Mertensius‚

236 2125 376 2160 quarum
403 2112 553 2162 quidem,
584 2125 665 2160 quae
692 2111 734 2146 ad
760 2110 934 2146 Beroideas
960 2111 1140 2160 pertinent,
1171 2111 1438 2160 descriptionem,
1465 2119 1501 2146 ut
1527 2124 1624 2160 supra
1651 2112 1806 2149 indicavi-

241 2195 329 2223 mus,
372 2182 437 2230 jam
476 2182 511 2217 in
541 2181 735 2217 Academiae
773 2182 1065 2231 nostrae'scriplis
1100 2182 1294 2230 (Me'moires
1325 2181 1365 2218 de
1396 2181 1581 2219 l'Acade'm.
1613 2184 1731 2233 Impe'r.
1764 2187 1805 2223 de

239 2249 288 2288 St,
313 2251 529 2301 Petersbourg
554 2253 642 2287 *Vlme
669 2252 750 2289 serie
776 2254 817 2290 T.
841 2254 882 2290 ll.
908 2269 941 2304 p.
967 2256 1057 2303 479)
1098 2254 1218 2289 editam
1244 2254 1424 2290 invenimus
1449 2253 1513 2289 sub
1540 2254 1650 2293 titulo:
1678 2258 1808 2300 „Beob-

243 2322 428 2371 achtungen
453 2324 532 2359 iiber
556 2325 609 2361 die
635 2325 865 2372 Beroeartigen
891 2324 1117 2374 Acalephen“.
1152 2325 1262 2373 Quare
1287 2325 1519 2361 Beroidearum
1545 2325 1586 2361 ab
1611 2325 1683 2376 ipso
1702 2327 1808 2364 detec-

241 2402 351 2430 aarum
378 2404 409 2431 el
434 2395 663 2433 illustratarum
687 2396 966 2433 enumerationem
993 2411 1079 2433 nunc
1105 2397 1238 2446 quidem
1264 2411 1330 2433 non
1350 2409 1588 2447 proponamus,
1613 2397 1669 2433 sed
1693 2396 1806 2434 Disco-

247 2465 367 2515 phoras
393 2475 425 2503 et
447 2466 715 2517 Siphonophoras
741 2467 1040 2505 Eschscholtzianas
1060 2478 1187 2506 tautum
1213 2468 1432 2518 respiciemus,

1548 2539 1600 2581 30
