2036 3125
190 488 282 541 Spec.
311 496 342 527 1.

190 846 283 898 Spec.
310 852 344 884 2.

193 1221 285 1274 Spee.
316 1228 347 1259 1.

198 1644 291 1694 SpeC.
318 1650 351 1681 2.

393 488 592 526 PELAGIA
613 486 791 534 Panopyra
810 485 894 522 Per.

497 560 528 596 A
542 558 719 596 Mertensio
738 558 801 594 sub
825 565 894 595 120
914 556 1130 606 longitudinis
1150 557 1356 595 occidentalis
1376 560 1480 607 gradu
1500 561 1677 602 observata.

502 634 638 670 Observ.
672 631 855 681 Acalepha,
892 645 991 680 quam
1023 630 1193 667 Lessonius
1226 632 1319 670 Cent.
1351 633 1438 670 Zool.
1465 634 1531 670 tab.
1565 642 1612 673 63
1641 646 1753 687 utpote

399 704 559 751 Pelagine
590 703 789 749 Panopyrae
824 700 952 751 pullum
977 700 1128 737 exhibuit
1159 701 1295 752 speciem
1323 702 1516 753 peculiarem
1537 706 1621 743 sistit
1645 707 1754 758 potius

397 774 539 821 Pelagia
565 773 711 809 Lessonii
733 771 970 823 appellandam.

393 845 597 887 PELAGIA
623 842 781 892 Cyanella
803 843 883 880 Per.

484 916 521 952 In
541 915 726 952 Insularum
749 913 971 951 Aleuticarum
993 915 1121 953 vicinio.

605 1004 639 1035 4.
669 996 788 1033 Genus.
814 997 1082 1032 CnnvsAossA
1109 996 1191 1033 Per.
1218 1005 1248 1033 et
1273 998 1348 1035 Les.

498 1077 675 1114 Tentacula
702 1077 814 1125 viginti
835 1086 978 1125 quatuor
997 1076 1044 1113 vel
1065 1077 1176 1127 plura,
1204 1093 1348 1129 quorum
1368 1081 1507 1129 quodvis
1527 1098 1601 1120 cum
1621 1085 1723 1124 canali
1742 1100 1760 1123 e

389 1148 572 1186 ventriculo
593 1148 774 1198 prodeunte
795 1149 1016 1198 conjunctum.

397 1221 671 1257 CHRYSAORA
685 1220 881 1268 susce-scens.
903 1219 967 1256 Br.

507 1291 696 1328 MEDUSA
715 1305 746 1326 η.
774 1297 806 1326 9.
833 1289 914 1326 Mss.
935 1291 1111 1326 Mersensizz

513 1361 667 1410 Corporis
701 1359 820 1409 pallide
855 1359 1080 1403 suscescentis‚
1120 1361 1331 1404 disciformis,
1363 1361 1465 1398 limbo
1488 1363 1571 1402 iobis
1597 1373 1644 1405 32
1673 1383 1763 1406 mar-

403 1431 535 1481 ginibus
561 1431 732 1467 crenulalis
764 1430 934 1473 instructi,
966 1430 1122 1466 diameter
1142 1437 1187 1478 23
1209 1431 1363 1480 pollicum
1383 1441 1415 1469 et
1434 1433 1530 1471 ultra.
1581 1437 1760 1477 Tenlacula

403 1507 450 1539 24
471 1501 665 1550 longissima,
679 1510 709 1536 et
729 1500 864 1535 brachia
884 1500 1012 1550 corpori
1032 1500 1217 1544 concolora,
1242 1501 1298 1538 sed
1317 1501 1415 1552 paulo
1434 1504 1630 1545 obscuriora.

503 1573 541 1608 In
560 1565 691 1608 Oceano
708 1571 793 1606 inter
811 1570 956 1606 Insulam
975 1571 1123 1607 Sitcham
1142 1581 1174 1608 et
1194 1570 1318 1608 Insulas
1337 1572 1512 1613 Aleuticas.

402 1644 674 1680 CHRYSAORA
693 1643 886 1678 melanaster
912 1641 975 1679 Br.

513 1714 640 1763 Corpus
671 1712 1204 1762 subeampanulato-discoideum,
1236 1713 1420 1751 latitudinis
1452 1716 1612 1754 diametro
1643 1719 1765 1769 pedali.

407 1783 522 1833 Margo
546 1783 581 1819 in
604 1782 697 1819 lobos
723 1790 769 1820 32
790 1782 994 1832 spathulatos
1013 1784 1145 1821 divisus.
1195 1785 1335 1821 Brachia
1355 1786 1426 1822 basi
1447 1785 1616 1833 latissima,
1648 1792 1766 1842 margi-

406 1854 504 1891 nibus
522 1854 670 1891 sinuatis.
704 1854 883 1890 Tentacula
904 1860 949 1891 24
969 1855 1060 1891 disco
1081 1855 1184 1892 multo
1203 1856 1364 1894 breviora.
1396 1857 1484 1894 Disci
1505 1859 1715 1898 brachiorum
1735 1871 1767 1899 et

408 1925 647 1964 tentaculorum
672 1925 758 1962 color
783 1927 835 1962 vix
860 1926 1153 1964 subcoerulescens.
1203 1928 1240 1963 In
1266 1942 1407 1964 convexa
1426 1929 1505 1966 disci
1525 1930 1604 1967 facie
1625 1931 1767 1969 maculae

408 1996 661 2046 longitudinales
682 2004 728 2034 32
749 1997 976 2041 fusceseentes,
996 1997 1177 2034 alternatim
1194 1997 1370 2049 longiores,
1388 2001 1423 2036 in
1437 2015 1574 2038 concava
1587 2003 1671 2040 disci
1684 2005 1767 2041 facie

412 2071 493 2107 radii
515 2078 559 2108 16
581 2071 774 2120 nigricantes
793 2070 843 2108 vel
863 2072 960 2120 nigri.

518 2145 558 2180 In
578 2143 661 2179 Sinu
683 2143 933 2181 Awatscha'esssi
952 2158 1025 2180 orae
1045 2145 1310 2183 Camtschaticae.

519 2214 662 2251 Observ.
698 2213 881 2263 Chrysaora
905 2218 1093 2253 melanosler
1122 2231 1274 2266 magnam
1293 2217 1426 2267 quidem
1445 2218 1634 2257 affinitatem
1660 2221 1766 2272 primo

414 2285 537 2321 intuitu
557 2299 631 2321 cum
652 2283 838 2333 Chrysaora
857 2287 1024 2334 hysoscella
1046 2288 1218 2335 (Eschsch.
1238 2289 1326 2339 Syst.
1348 2289 1382 2325 d.
1402 2288 1492 2326 Acal.
1506 2304 1540 2339 p.
1558 2293 1631 2341 79.)
1646 2291 1766 2329 habere

415 2354 558 2399 videtur,
577 2355 634 2391 sed
655 2357 881 2404 magnitudine
896 2356 997 2407 duplo
1017 2358 1155 2407 majore,
1175 2359 1327 2403 brachiis,
1346 2360 1416 2396 basi
1436 2363 1637 2410 praesertim,
1663 2362 1767 2400 multo

418 2424 605 2470 latioribus,
639 2429 783 2476 margine
803 2428 953 2472 sinuatis,
986 2444 1043 2467 nec
1062 2445 1128 2467 non
1148 2431 1230 2469 disci
1249 2430 1332 2468 lobis
1351 2432 1583 2481 marginalibus
1601 2433 1768 2484 spathula-

419 2496 460 2531 tis
478 2497 656 2535 admodum
677 2500 802 2537 diversa
821 2500 989 2551 reperitur.

1482 2577 1554 2619 31*
