2036 3125
787 345 1087 386 „271-

467 441 608 478 Asterias
639 441 791 490 laevigata
822 441 933 479 Lamk.
967 454 1034 477 var.
1062 456 1098 478 α.
1125 461 1173 469 —-·
1208 439 1306 477 Stella
1339 441 1464 478 marina
1497 442 1724 487 coerulescens‚

369 514 548 550 americana
580 511 665 548 Seba
695 512 852 550 Thesaur.
882 513 934 549 III.
967 525 999 562 p.
1028 518 1082 549 12.
1112 511 1178 547 tab.
1203 511 1262 549 IV.
1295 526 1328 549 n.
1358 518 1416 556 13,
1444 518 1499 550 14.

373 583 471 620 Color
490 584 643 626 obscure,
668 583 724 619 sed
744 582 824 619 laete
843 596 994 633 cyaneus.

471 654 574 704 Prope
593 653 717 690 Insulas
736 653 957 690 Carolinenses
976 662 1113 703 reperta.

673 746 697 782 S
717 759 733 782 e
753 759 769 781 c
789 746 870 782 tio
908 746 946 783 F.
983 744 1112 783 Blainv.
1140 744 1160 782 Ι.
1188 745 1209 782 Ι.

160 827 255 878 Spec.
283 835 315 865 8.
366 817 585 867 ASTERliAs
605 831 717 879 affinis
740 828 803 865 Br.

446 940 449 942 .
471 910 586 945 Discus
606 909 757 958 insignis,
785 909 945 945 diametro
963 908 1119 959 pollicari.
1168 909 1266 946 Radii
1293 909 1404 946 decem
1422 910 1582 960 aequales,
1601 912 1726 947 conico-

369 981 597 1030 triangulareS‚
623 981 783 1030 depressi,
809 981 969 1017 linearum
988 991 1111 1030 septem
1130 981 1348 1030 longitudine.
1386 982 1474 1018 Disci
1494 982 1725 1030 radiorumque

364 1053 499 1088 dorsum
525 1066 741 1102 purpureum,
777 1051 905 1100 papillis
924 1052 1125 1095 rotundatis,
1155 1052 1416 1096 flavescentibus,
1442 1053 1577 1102 sparsis,
1602 1051 1727 1101 magni-

368 1122 483 1158 tudine
504 1121 727 1170 inaequalibus
750 1121 929 1157 obsessum.

474 1195 510 1230 In
538 1194 635 1229 Freto
654 1193 843 1241 Behringii.

464 1264 601 1300 Observ.
632 1264 719 1299 Haec
743 1265 880 1313 species,
907 1265 997 1314 cujus
1022 1264 1215 1314 exemplaria
1235 1265 1374 1314 periere,
1406 1266 1551 1302 Asteriae
1565 1280 1726 1312 papposae

365 1333 499 1369 Linnaei
521 1342 550 1369 et
569 1333 747 1369 Lamarckii
767 1333 947 1371 admodum
968 1334 1072 1371 affinis
1091 1335 1239 1384 quidem⁷
1259 1336 1382 1371 diversa
1400 1345 1518 1382 tamen,
1539 1347 1575 1373 ut
1589 1338 1724 1381 videtur,

365 1414 526 1454 quantum
553 1419 569 1441 e
595 1405 720 1454 pictura
745 1414 894 1442 accurata
928 1421 947 1442 a
972 1406 1127 1442 Postelsio
1162 1408 1244 1443 facta
1275 1407 1446 1457 dijudicari
1475 1418 1594 1458 potest,
1625 1409 1725 1444 radiis

364 1476 475 1513 decem
498 1478 579 1524 (non
602 1478 773 1526 12—13)
795 1476 1011 1521 brevioribus,
1033 1477 1227 1527 papillisque
1249 1478 1327 1514 disci
1348 1480 1447 1528 partis
1469 1478 1604 1515 dorsalis
1623 1479 1724 1514 rario-

360 1551 467 1593 ribus,
487 1550 590 1598 magis
609 1549 757 1599 capitatis
776 1559 808 1586 et
826 1550 979 1588 discretis.

157 1634 249 1684 Spec.
277 1640 309 1670 9.
361 1633 577 1668 ASTERIAS
596 1631 837 1667 alboverrucosa
858 1632 922 1669 ΒΓ.

460 1703 576 1750 Discus
597 1714 754 1762 insignis,
778 1715 936 1752 diametro
957 1716 1116 1765 pollicari,
1154 1718 1250 1753 Radii
1271 1719 1380 1753 decem
1401 1717 1568 1766 aequales,
1593 1717 1721 1752 conico-

366 1785 593 1834 triangulares,
614 1785 769 1835 depressi,
791 1785 951 1822 linearum
971 1796 1093 1837 septem
1114 1788 1240 1824 circiter
1256 1787 1470 1836 longitudine.
1510 1788 1599 1823 Disci
1616 1788 1722 1822 radio—

367 1870 506 1906 rumque
546 1856 680 1892 dorsum
716 1856 846 1906 papillis
882 1857 1049 1900 confertis,
1094 1857 1228 1901 albidis,
1267 1859 1496 1906 magnitudine
1530 1858 1720 1907 aequalibus

365 1927 530 1964 obsessum
542 1957 550 1971 ‚
569 1928 778 1971 ochraceum‚
800 1929 967 1965 radiorum
987 1930 1135 1979 apicibus
1154 1930 1375 1967 dilutioribus.

463 1998 500 2034 In
520 1999 617 2034 Freto
636 1998 820 2047 Behringii.

462 2069 597 2105 Observ.
612 2069 740 2119 Species
761 2070 859 2105 modo
880 2070 1037 2107 illustrata
1059 2072 1127 2121 pari
1143 2072 1240 2108 modo
1255 2072 1446 2109 affinitatem
1461 2087 1535 2108 cum
1549 2072 1721 2108 Asteriade

360 2154 500 2187 papposa
521 2141 677 2184 ostendit,
698 2141 752 2177 sed
774 2141 968 2191 papillarum
989 2142 1093 2179 forma
1114 2144 1329 2181 diversissima
1348 2145 1520 2193 reperitur.

156 2223 249 2271 Spec.
279 2229 336 2259 10.
386 2221 602 2260 ASTERIAS
620 2225 738 2260 endeca
758 2224 854 2260 Linn.
874 2240 940 2261 var.
961 2227 1208 2262 dccemradiola.

463 2294 571 2343 Hujus
595 2295 717 2331 formae
743 2296 903 2332 varietatis
929 2298 1018 2346 quod
1045 2298 1084 2333 ad
1111 2300 1250 2334 colorem
1277 2299 1356 2334 duas
1378 2312 1478 2347 prope
1499 2297 1641 2333 Insulam
1659 2297 1721 2333 Sit-

365 2364 460 2399 cham
479 2374 555 2401 sunt
575 2376 718 2416 repertae
737 2376 768 2402 et
788 2367 1020 2415 elegantissime
1038 2383 1055 2404 a
1074 2369 1228 2405 Postelsio
1250 2369 1289 2404 ad
1310 2368 1377 2403 viva
1392 2366 1546 2403 animalia
1562 2367 1719 2416 depictae.

154 2444 247 2493 Spec.
279 2453 333 2480 11.
385 2446 600 2483 Asrmzms
620 2449 855 2485 helianthoides.
875 2450 938 2486 ΒΓ.
