2036 3125
283 437 376 486 Spee.
407 442 440 472 2.

913 319 1217 361 -260—

493 434 705 472 SYNAPTA
729 434 874 469 oceanica
900 430 990 468 Less.
1017 430 1109 467 Cent.
1133 429 1223 466 Zool.
1244 428 1328 466 Tab.
1349 436 1408 467 35.
1427 444 1461 480 p.
1483 438 1540 470 99.
1560 455 1606 462 —
1644 433 1758 482 Jaeger
1778 435 1847 472 Ho-

495 505 616 541 lothur.
638 519 670 555 p.
693 511 750 541 14.

595 577 733 612 observ.
758 573 1021 612 Eschscholtzius
1047 582 1173 623 praeter
1190 573 1372 624 Synaptam
1392 572 1604 609 mamillosam
1624 574 1845 626 Synaptarum

493 650 603 697 generi
629 661 760 696 quoquc
786 645 940 682 adscribit
964 644 1185 681 Hololhuriam
1210 648 1452 690 reciprocantem
1477 646 1507 681 et
1526 648 1664 681 villatam
1682 645 1846 683 Forskalii

497 721 655 769 (Aegypt.
689 733 722 768 p.
753 724 833 754 121.
855 725 877 753 t.
899 719 985 765 38),
1006 730 1063 752 nec
1083 729 1150 752 non
1169 716 1393 753 Holothuriam
1413 717 1605 753 maculatam
1625 716 1847 754 Chamissonis

495 792 594 840 (Acta
615 788 889 836 CaesareoaLeop.
910 787 956 822 X.
976 800 1008 835 p.
1031 793 1115 823 352.
1134 786 1201 824 tab,
1223 789 1313 836 26.).
1333 788 1528 824 Leuckarms
1548 787 1612 823 sere
1633 787 1746 823 eodem
1765 796 1845 823 tem-

494 874 589 911 pore,
622 873 689 909 quo
712 856 976 894 Eschscholtzius
995 856 1218 906 Synaptarum
1236 870 1340 905 genus
1359 857 1528 902 exhibuit,
1560 858 1594 893 in
1614 856 1695 893 Iside
1718 859 1843 905 (1830.

493 934 538 969 H.
559 934 600 968 V.
622 947 656 982 p.
677 933 777 979 685.)
804 930 1026 966 Holothuriam
1051 933 1188 965 villatam
1211 929 1286 966 novi
1310 931 1438 978 generis
1459 939 1579 980 typum
1599 927 1846 965 Tiedemanniae

492 1003 622 1040 nominc
656 1002 837 1052 proposuit.
886 1000 1168 1038 Eschscholtzium
1196 1002 1233 1037 in
1259 1001 1484 1050 componendo
1502 1014 1619 1049 genere
1637 999 1778 1048 Synapla
1798 1014 1848 1037 se-

492 1083 616 1124 quutus
642 1082 687 1109 est
713 1072 901 1121 nuperrime
919 1072 1074 1119 Jaegerus
1096 1071 1249 1120 (Holoth.
1269 1088 1303 1122 p.
1319 1080 1363 1110 14
1378 1095 1426 1101 —-
1442 1075 1513 1121 15.)
1523 1099 1533 1116 ,
1551 1072 1608 1121 qui
1628 1086 1702 1108 vcro
1721 1081 1847 1121 praeter

491 1145 630 1194 species,
663 1156 744 1191 quas
775 1141 1034 1177 Eschscholtzius
1052 1141 1266 1190 Synaplarum
1291 1144 1423 1180 nomine
1441 1143 1762 1193 comprehendendas
1781 1157 1846 1180 esse

491 1216 635 1265 putavit,
665 1213 820 1262 Synaptis
849 1211 977 1249 addidit
995 1225 1126 1260 quoque
1144 1213 1366 1250 Holotlzuriam
1387 1217 1545 1251 radiosum
1564 1216 1729 1264 Reynodji
1751 1216 1842 1261 (Les-

491 1299 550 1321 son
582 1284 675 1321 Ceut.
708 1282 797 1319 Zool.
829 1282 913 1321 Tab.
950 1289 1005 1320 15.
1038 1297 1072 1332 p.
1094 1284 1170 1332 58.)
1191 1293 1221 1320 et
1240 1286 1378 1335 speciem
1398 1299 1517 1321 novam
1541 1285 1703 1333 Synaplae
1723 1286 1849 1323 Beselt'i

492 1356 635 1392 nomine.

589 1436 778 1472 Holoilmrz'a
807 1438 914 1471 c’z'llala
943 1443 973 1471 el
1000 1439 1199 1480 reciprocans
1216 1438 1454 1474 tentaculorum
1474 1438 1576 1474 forma
1597 1447 1628 1474 et
1647 1440 1768 1488 pedum
1788 1440 1844 1475 de-

489 1506 593 1549 fectu,
614 1519 672 1542 nec
691 1519 758 1541 non
777 1519 910 1555 corpore
929 1505 1077 1554 elongato
1097 1521 1172 1543 cum
1190 1507 1332 1556 Synapla
1349 1510 1527 1545 mammosa
1552 1516 1583 1545 et
1600 1512 1746 1545 oceanica
1766 1522 1846 1544 con·

489 1577 641 1620 veniunt,
669 1578 724 1613 sed
744 1576 925 1612 eminentiis
944 1576 1162 1627 peculiaribus
1183 1577 1396 1623 verticillatis‚
1428 1579 1538 1628 quales
1559 1579 1592 1615 in
1611 1578 1753 1626 Synopla
1774 1594 1844 1615 ma·

488 1650 609 1685 millosa
628 1659 660 1685 et
678 1652 827 1685 oceanica
847 1649 1078 1693 observantur,
1098 1659 1208 1686 carent
1226 1659 1257 1686 et
1270 1650 1393 1686 habitu.
1401 1650 1570 1687 differunt.
1602 1651 1679 1698 Qua
1692 1652 1733 1687 de
1747 1665 1842 1686 causa

488 1721 677 1756 Holollzuria
703 1725 811 1756 villata
839 1735 913 1757 cum
933 1721 1122 1757 Holollzuria
1144 1725 1356 1768 reciprocante
1373 1721 1421 1757 vel
1443 1736 1543 1770 genus
1565 1736 1582 1757 a
1605 1721 1754 1770 &naplis
1774 1722 1843 1757 dis-

488 1791 706 1840 tinguendum
719 1800 748 1827 et
762 1792 844 1827 duce
857 1793 1032 1828 Leuckarto
1050 1793 1121 1840 (Isis
1134 1792 1155 1828 l.
1171 1792 1210 1842 l.)
1232 1793 1471 1829 D'edemanm'ae
1484 1792 1615 1828 nomine
1629 1791 1838 1828 salutandum

487 1861 534 1897 vel
555 1862 724 1909 subgenus
745 1861 857 1898 saltem
878 1864 1050 1912 proprium
1075 1862 1289 1911 Synaplarum
1308 1877 1499 1912 componere
1518 1862 1650 1898 debent.

590 1943 778 1980 Hololhuria
810 1946 970 1980 maculata
991 1944 1151 1982 Chamiss.
1179 1945 1268 1993 (vide
1287 1946 1401 1994 supra)
1423 1943 1529 1992 aptius
1550 1942 1659 1978 forsan
1678 1942 1720 1978 ad
1743 1942 1840 1977 Θησί-

488 2015 611 2050 nolabes
632 2015 808 2051 reserenda.

586 2085 774 2122 Holollmrz'a
799 2088 927 2123 radiosa
954 2087 1119 2137 Reynodii
1140 2096 1274 2136 propter
1292 2085 1450 2122 tentacula
1470 2081 1835 2132 oblongo-spathulata,

487 2157 576 2205 apice
607 2156 739 2192 dilatata
767 2166 797 2193 et
825 2158 1079 2194 eminentiarum
1103 2157 1365 2194 verticillatarum
1390 2157 1424 2192 in
1443 2169 1576 2205 corpore
1596 2155 1759 2191 desectum
1787 2154 1835 2189 vel

487 2241 589 2275 genus
624 2228 794 2277 proprium
834 2230 1073 2280 (Rcynodz'as')
1115 2229 1164 2266 vel
1197 2229 1418 2280 Synaptarum
1448 2228 1613 2275 subgenus
1647 2224 1835 2262 constituere

487 2296 626 2333 videtur.

584 2366 729 2417 Synapla
755 2369 875 2406 Beselii
891 2372 1016 2420 Jaegcri
1040 2371 1191 2420 (l-Ioloth.
1211 2387 1244 2422 p.
1269 2379 1323 2408 15.
1345 2370 1411 2406 tab.
1434 2370 1488 2417 1.),
1509 2367 1535 2403 si
1556 2381 1588 2402 re
1608 2379 1679 2401 vcra
1702 2363 1838 2413 podibus

485 2448 579 2481 caret,
598 2440 640 2475 ob
668 2442 919 2478 eminentiarum
948 2444 1207 2480 verticillatarum
1234 2444 1267 2479 in
1294 2456 1427 2492 corpore
1457 2441 1621 2476 defectum
1649 2433 1836 2481 subgcneris
