2036 3125
139 1737 232 1786 Spec.
261 1741 292 1771 1.

766 337 1069 380 ——231—

478 446 1126 495 SIPHONOPHORAE*)
1177 445 1332 484 Eschsch.

608 540 746 578 Familia
776 540 806 575 D
815 549 828 574 1
835 549 855 574 p
863 550 887 574 Η
895 547 937 573 YI
946 548 970 573 D
978 547 1002 573 A
1010 548 1034 573 a:
1066 536 1214 573 Eschsch.

438 627 565 675 Corpus
590 638 607 659 e
638 621 787 672 partibus
811 619 940 655 duabus
960 617 1187 666 cartilagineis,
1209 630 1349 666 quarum
1367 630 1434 653 una
1455 630 1541 667 pone
1560 615 1693 653 alteram

339 701 399 737 sita
424 699 516 747 eique
534 694 630 731 affixa
651 702 682 729 et
701 706 717 728 e
738 700 828 742 parte
846 704 901 726 seu
921 688 1023 725 canali
1044 688 1233 724 nutritionis
1253 697 1283 724 et
1304 687 1547 738 propagationis
1566 686 1696 735 organis

341 771 496 808 instructa
530 763 661 814 (canali'
679 760 942 812 reproductorio)
952 759 1007 784 *Ἢ
1042 760 1272 810 compositum.
1323 760 1434 796 Partes
1465 757 1634 794 nutritioni
1665 765 1697 794 et

340 837 564 892 propagationi
593 834 770 872 destinatae
800 832 943 882 partium
975 830 1256 880 cartilaginearum
1277 830 1391 867 unicae
1410 839 1555 873 tantum,
1585 830 1621 866 in
1641 840 1699 864 na-

339 910 439 948 tando
458 907 634 950 anteriore,
654 905 793 942 innatae.

660 1004 691 1034 1.
721 995 837 1032 Genus.
862 994 1063 1029 DIPHYEs
1089 991 1171 1028 Cuv.

437 1082 517 1117 Pars
531 1077 701 1115 nutritioni
729 1085 760 1112 et
780 1074 1007 1126 propagationi
1026 1074 1200 1117 destinata,
1219 1087 1320 1123 quare
1340 1073 1448 1110 forsan
1467 1072 1556 1108 haud
1577 1073 1702 1109 incom-

342 1152 437 1191 mode
457 1147 698 1201 reproductoria
712 1146 859 1188 dicenda,
880 1143 1022 1180 canalem
1039 1143 1223 1192 elongatum
1238 1142 1364 1180 tubulis
1377 1141 1525 1179 suctoriis
1538 1140 1701 1192 pluribus,

346 1221 515 1262 ventriculi
548 1219 748 1257 functionem
773 1215 908 1254 insimul
935 1215 1158 1252 exercentibus
1192 1215 1336 1251 obsitum
1369 1213 1536 1251 exhibens.
1597 1211 1702 1261 Squa-
1748 1219 1750 1224 '

342 1296 450 1334 mulae
469 1290 756 1338 subcartilagineae
776 1288 825 1324 vel
845 1286 987 1324 canalem
1008 1286 1290 1337 reproductorium
1309 1284 1503 1321 imbricatim
1518 1284 1704 1332 obtegentes

342 1366 394 1405 vel
411 1365 555 1415 singulae
575 1360 699 1398 tubulis
718 1359 993 1401 stomacbalibus‚
1018 1358 1134 1394 ovan'is
1154 1366 1186 1393 et
1205 1357 1375 1394 tentaculis
1392 1364 1520 1393 tantum
1541 1355 1703 1404 supraim-

345 1438 477 1489 positae.
540 1431 720 1471 Tentacula
751 1445 894 1474 ramosa,
926 1428 1054 1478 singula
1081 1428 1130 1465 vel
1159 1443 1175 1464 e
1195 1427 1328 1465 vesicula
1349 1437 1380 1465 et
1399 1427 1576 1479 appendice
1594 1424 1704 1477 spirali

344 1510 501 1550 formata,
520 1504 568 1541 vel
588 1502 756 1546 tubulosa,
778 1500 924 1550 hispida,
944 1499 1034 1549 apice
1054 1497 1196 1535 dilatata.

442 1587 486 1625 A.
505 1586 666 1634 squamae
691 1595 819 1632 sparsae
846 1579 972 1617 tubulis
991 1578 1129 1628 singulis
1148 1580 1330 1628 impositae.
1381 1576 1558 1614 Tentacula
1578 1577 1706 1628 singula

348 1674 365 1697 e
383 1655 520 1695 vesicula
541 1665 572 1692 et
592 1654 773 1705 appendice
794 1651 904 1702 spirali
925 1651 1075 1689 formata.
1113 1648 1269 1700 Dz'pliyes.
1293 1649 1372 1687 Cuv.
1389 1650 1540 1688 Eschsch.
1754 1629 1758 1634 -

341 1731 508 1767 DIPBYES
538 1727 655 1772 dispar.
707 1724 877 1759 Chamisso
908 1721 955 1760 N.
980 1722 1056 1761 Act.
1084 1722 1190 1759 Acad.
1223 1721 1314 1761 Caes.
1336 1720 1438 1771 Leop.
1472 1718 1579 1758 Carol.
1598 1719 1639 1756 T.
1659 1719 1706 1758 X.

347 1792 382 1854 p'.
402 1806 486 1839 565.
505 1798 572 1835 tab.
600 1786 732 1844 πῶς.
754 1801 787 1832 4.

447 1879 584 1916 Observ.
624 1875 751 1912 Invenit
777 1875 975 1912 Mertensius
997 1875 1060 1911 sub
1089 1879 1127 1912 3⁰
1151 1873 1334 1911 latitudinis
1355 1881 1386 1910 et
1408 1871 1494 1910 137⁰
1515 1871 1546 1908 δ’
1565 1868 1711 1919 longitu-

347 1952 437 1990 dinis
461 1947 666 1988 occidentalis
687 1946 790 1996 gradu
810 1946 963 1998 Dipbyes
982 1955 1090 1996 partes
1109 1945 1346 1994 cartilaginem,
1379 1956 1479 1993 quas,
1507 1950 1546 1978 ut
1564 1955 1580 1978 e
1599 1937 1711 1991 figuris

349 2025 420 2075 ejus
439 2021 628 2061 concludere
648 2020 735 2065 licet,
754 2019 900 2069 Dtphyes
918 2020 1052 2064 disparis
1072 2017 1296 2054 Chamissonis
1316 2015 1413 2054 fuisse
1433 2022 1595 2066 putarem.

148 2128 489 2144 -,..---.

273 2195 303 2231 Φ)
322 2193 353 2220 ln
378 2192 481 2220 Recueil
511 2192 537 2218 d.
565 2195 632 2217 actes
660 2189 693 2217 de
711 2190 735 2217 la
754 2199 844 2216 seance
863 2189 987 2226 publique
1007 2187 1039 2215 de
1058 2186 1165 2215 t'Acad.
1187 2187 1283 2222 Imper.
1302 2184 1320 2212 d
1348 2185 1387 2212 St.
1406 2185 1521 2212 Petersb.
1539 2188 1617 2210 tenue
1638 2188 1709 2211 18⁸0

325 2240 434 2267 relatum
453 2239 558 2275 legitur,
579 2238 752 2265 Mei-tensium
773 2238 929 2264 Academiae
950 2238 1004 2272 jam
1024 2241 1163 2262 tractatum
1184 2235 1215 2261 de
1234 2233 1407 2271 Physophoris
1416 2231 1571 2265 exhibuisse,
1590 2231 1711 2267 equidem

326 2299 386 2315 vcro
405 2289 469 2314 inter
489 2287 661 2314 Mertensiana
681 2292 782 2312 tantum
802 2285 996 2312 introductionis
1014 2284 1130 2318 initium,
1151 2282 1219 2319 quod
1239 2283 1318 2309 serius
1339 2283 1491 2310 verbotenus
1501 2279 1710 2312 communicabo,

327 2346 375 2363 nec
396 2345 445 2361 non
464 2335 636 2361 annotationes
655 2333 686 2360 de
704 2334 835 2369 speciebus
854 2339 879 2359 et
897 2333 992 2369 sigui-as
1011 2332 1043 2360 ad
1064 2332 1119 2359 viva
1138 2331 1257 2359 animalia
1276 2331 1355 2358 factas
1374 2329 1489 2362 invenio,
1514 2337 1627 2365 quarum
1647 2337 1711 2355 non·

329 2384 415 2411 nulla(¹
433 2384 465 2410 ab
484 2384 536 2418 ipso
554 2393 612 2410 aere
632 2384 686 2418 jam
705 2389 764 2408 sunt
784 2382 886 2409 incisae.

261 2434 310 2471 Um)
330 2432 453 2460 Canalem
472 2432 692 2467 reproductorium
713 2441 756 2457 seu
771 2436 871 2466 partem
891 2429 1114 2468 reproduetoriam
1132 2429 1250 2463 dicimus,
1269 2428 1329 2466 quia
1348 2437 1400 2455 non
1421 2423 1647 2459 solumindividui,
1665 2422 1709 2450 sed

330 2480 407 2507 etiam
424 2479 513 2515 speciei
531 2479 754 2515 reproductionem
774 2478 860 2506 efficit.
